bid,ask,spread,time
,,,
20.2725,3.4561,16.8164,1659983166.698262
23.434,1.1116,22.322400000000002,1659983168.484825
7.532,12.7513,-5.2193000000000005,1659983170.3014808
6.3321,12.9484,-6.6163,1659983172.0775414
7.5373,11.9476,-4.410299999999999,1659983173.6772807
23.3095,2.7533,20.5562,1659983175.2424269
15.842,10.3345,5.5075,1659983176.781179
4.3138,15.0477,-10.733900000000002,1659983178.336062
3.0348,15.9621,-12.927299999999999,1659983179.9941545
0.2773,15.5768,-15.2995,1659983181.632202
0.0578,24.6641,-24.6063,1659983183.4961317
3.0545,22.3954,-19.340899999999998,1659983185.1057546
1.915,17.7925,-15.877500000000001,1659983186.663857
2.6891,23.6863,-20.9972,1659983188.2221832
6.5216,7.7716,-1.25,1659983189.8019469
6.5303,8.7264,-2.1960999999999995,1659983191.3722212
12.851,0.5798,12.2712,1659983193.4756305
34.6575,1.602,33.0555,1659983195.042492
35.2078,2.1309,33.0769,1659983197.1675575
36.3911,4.0253,32.3658,1659983198.742691
36.2688,2.4124,33.8564,1659983200.3153331
3.7132,11.4115,-7.6983,1659983201.8903086
3.2169,20.8277,-17.6108,1659983203.5059702
15.6632,4.4789,11.1843,1659983205.1436627
32.2255,0.6471,31.578399999999995,1659983207.2869523
19.1166,4.0358,15.080799999999998,1659983208.8735812
15.3771,4.8384,10.5387,1659983210.4246414
14.7107,2.0681,12.6426,1659983212.025272
33.5844,0.6326,32.951800000000006,1659983213.5738084
27.9039,0.4617,27.4422,1659983215.6557317
18.3205,3.622,14.6985,1659983217.2446465
16.9121,7.7426,9.1695,1659983218.7981546
0.0032,7.6651,-7.6619,1659983220.9030204
5.5081,15.5017,-9.9936,1659983222.5146642
12.2077,1.2959,10.911800000000001,1659983224.1207716
12.2583,0.9428,11.3155,1659983225.678729
7.4153,5.5883,1.827,1659983228.0072627
7.0648,9.1688,-2.103999999999999,1659983229.6191733
0.1572,18.0123,-17.8551,1659983231.3786314
0.157,16.6533,-16.4963,1659983232.9505131
0.1568,23.9948,-23.838,1659983235.034763
6.1344,15.6268,-9.4924,1659983236.598333
6.9351,14.9235,-7.9884,1659983238.1825507
6.8828,11.5122,-4.6294,1659983240.459752
24.5479,1.9008,22.6471,1659983242.14923
29.5987,0.0736,29.525100000000002,1659983243.7681267
25.2325,4.1509,21.0816,1659983245.3213296
0.3152,22.9981,-22.6829,1659983247.18123
0.33,24.3051,-23.9751,1659983248.7607691
1.1176,23.4277,-22.310100000000002,1659983250.336231
4.5791,17.8833,-13.304199999999998,1659983251.925085
28.7723,3.9333,24.839000000000002,1659983253.5173097
17.7319,0.812,16.9199,1659983255.081253
13.351,2.4664,10.8846,1659983256.6594956
14.7632,3.0236,11.7396,1659983258.2183123
16.4419,0.0196,16.4223,1659983259.7901056
12.7539,5.0137,7.7402,1659983261.917345
1.9121,22.3641,-20.452,1659983264.1858027
11.5309,5.7082,5.822700000000001,1659983265.7769787
10.9216,5.272,5.6495999999999995,1659983267.3072798
0.1797,9.4099,-9.2302,1659983268.897926
8.3444,29.3046,-20.9602,1659983270.489951
6.5945,32.92,-26.3255,1659983272.5826404
2.1944,43.3076,-41.1132,1659983274.2179341
1.8679,26.8548,-24.986900000000002,1659983275.8248918
22.6162,7.3655,15.250699999999998,1659983277.3772173
15.4888,8.0316,7.4572,1659983278.9515917
17.1686,7.1458,10.0228,1659983280.5055714
16.3373,1.6613,14.675999999999998,1659983282.1932647
14.4133,12.9688,1.4444999999999997,1659983283.7884386
14.3309,7.3595,6.9714,1659983285.4172502
23.9036,3.2114,20.6922,1659983287.1152332
39.7719,3.0161,36.7558,1659983288.6946628
35.8784,0.4387,35.4397,1659983290.2462726
36.4086,2.1541,34.2545,1659983292.702144
13.3968,6.1189,7.277900000000001,1659983294.636018
37.3926,1.5809,35.8117,1659983296.220166
16.5901,5.0073,11.582799999999999,1659983298.0132341
7.5675,9.2716,-1.7040999999999995,1659983299.5752883
10.6139,5.5829,5.030999999999999,1659983301.1710691
19.6109,0.1364,19.474500000000003,1659983302.7149596
0.2,1.988,-1.788,1659983304.3121972
10.6997,2.6452,8.0545,1659983306.1137836
17.153,20.8193,-3.6662999999999997,1659983307.7025845
17.0442,22.1396,-5.0954000000000015,1659983309.2702234
14.4252,26.2925,-11.8673,1659983311.2411323
16.653,31.386,-14.733,1659983312.811166
24.4818,1.7658,22.716,1659983314.4248314
23.0447,3.6149,19.4298,1659983316.0188391
19.5889,9.581,10.0079,1659983317.5650861
9.4279,12.3045,-2.8766000000000016,1659983319.1416962
3.0014,19.8961,-16.8947,1659983320.696442
4.3874,18.3664,-13.979,1659983322.299023
12.3746,2.0538,10.320799999999998,1659983323.8518167
3.8104,8.271,-4.460600000000001,1659983325.4126196
4.707,10.3556,-5.648600000000001,1659983326.9647198
2.6038,11.0763,-8.4725,1659983328.5180492
16.1532,0.2,15.953199999999999,1659983330.1838334
15.2755,0.3518,14.923699999999998,1659983331.780204
10.7394,15.3291,-4.589700000000001,1659983333.35863
9.159,14.8599,-5.700899999999999,1659983334.9127488
1.2012,36.6826,-35.4814,1659983336.533528
2.9171,43.9771,-41.06,1659983338.0682154
4.231,26.83,-22.598999999999997,1659983340.2525277
0.1806,37.0008,-36.8202,1659983341.8812902
4.5298,35.7175,-31.1877,1659983343.4583778
11.1313,18.2019,-7.070599999999999,1659983345.0268466
22.5337,0.1314,22.4023,1659983346.5847402
15.8652,18.1294,-2.2642000000000007,1659983348.1710107
16.8589,17.8603,-1.0014000000000003,1659983349.738142
24.5149,8.7239,15.791,1659983351.303171
13.9713,13.6675,0.30379999999999896,1659983352.8546002
16.5991,5.4248,11.174299999999999,1659983354.4309623
15.309,2.6071,12.701899999999998,1659983356.2397387
24.9929,4.8482,20.1447,1659983357.810707
15.0087,7.0004,8.008299999999998,1659983359.3522437
0.3632,7.912,-7.5488,1659983360.984713
0.8487,15.0293,-14.180599999999998,1659983362.5290003
16.6838,6.9163,9.767500000000002,1659983364.1055248
19.2681,3.0892,16.1789,1659983365.6619363
24.43,1.3031,23.1269,1659983367.4705436
27.0708,1.1702,25.900599999999997,1659983369.2953722
25.854,0.8343,25.0197,1659983371.0384436
25.1658,3.6455,21.5203,1659983372.5940733
14.7781,4.2107,10.5674,1659983374.2700298
22.8671,1.0515,21.8156,1659983375.8270853
15.5447,2.5501,12.9946,1659983377.3766904
15.176,4.1206,11.0554,1659983378.9331443
17.3554,1.6743,15.681099999999999,1659983380.4882379
20.9979,7.568,13.429900000000002,1659983382.0765324
0.2914,22.4088,-22.1174,1659983383.6569521
2.209,16.7276,-14.5186,1659983385.6521409
0.6261,0.743,-0.1169,1659983387.7617435
2.6059,35.0978,-32.4919,1659983389.3557894
14.8222,6.1089,8.7133,1659983391.456259
0.8099,1.7644,-0.9545,1659983393.0227108
2.9574,8.6659,-5.708500000000001,1659983394.5721426
10.2509,19.99,-9.739099999999999,1659983396.15445
14.6454,24.6131,-9.967699999999999,1659983397.7306268
21.5802,13.5854,7.9948000000000015,1659983399.3109653
22.0558,13.2991,8.756700000000002,1659983401.4270506
3.6761,23.6941,-20.018,1659983403.0909715
1.5951,21.9446,-20.349500000000003,1659983404.6712003
3.3738,24.9385,-21.564700000000002,1659983406.2509909
7.0273,19.1205,-12.0932,1659983408.4613008
4.4279,14.2104,-9.782499999999999,1659983410.5723927
4.3656,19.516,-15.150399999999998,1659983412.1741695
8.3826,18.5707,-10.188099999999999,1659983413.7749615
25.5892,0.9998,24.5894,1659983415.5368695
25.6686,2.4127,23.2559,1659983417.0881624
26.0053,2.2645,23.7408,1659983418.7017536
39.1334,0.9416,38.1918,1659983420.8260572
37.298,10.5201,26.777900000000002,1659983422.9092135
34.8376,12.2186,22.619,1659983424.563082
34.2752,10.5424,23.732799999999997,1659983426.1212213
24.1674,13.1102,11.0572,1659983427.9451432
17.3211,13.7781,3.543000000000001,1659983430.086945
21.1926,13.2943,7.898299999999999,1659983432.4007945
43.0466,5.5977,37.448899999999995,1659983434.487569
1.9236,0.0541,1.8695,1659983436.0990577
0.2033,27.2562,-27.0529,1659983437.6732469
6.5933,10.3997,-3.806399999999999,1659983439.246752
0.1826,24.0706,-23.887999999999998,1659983440.8376667
1.0421,21.5798,-20.537699999999997,1659983443.1605864
8.9128,20.5101,-11.5973,1659983444.7348664
23.4062,3.2996,20.1066,1659983447.0571318
25.6524,4.5116,21.1408,1659983449.1907318
15.2833,6.2734,9.009900000000002,1659983451.2802234
17.6685,5.1515,12.517000000000001,1659983452.8931088
19.2657,4.8153,14.450399999999998,1659983454.4697325
28.0088,3.5268,24.482,1659983456.0584753
30.8427,3.2436,27.5991,1659983458.2360206
42.3999,3.1034,39.2965,1659983459.8060231
38.7129,1.7377,36.9752,1659983461.3683019
41.7064,2.1052,39.601200000000006,1659983462.9200714
26.34,3.9816,22.3584,1659983464.4979303
27.2757,0.5506,26.7251,1659983466.07811
42.617,1.047,41.57,1659983467.6406064
4.4486,15.7111,-11.2625,1659983469.2089016
0.5633,23.5449,-22.981599999999997,1659983470.7952542
1.7968,21.5879,-19.7911,1659983472.3819358
1.8042,23.0586,-21.254399999999997,1659983473.9653137
2.6216,21.0152,-18.3936,1659983475.6169043
0.0417,38.4245,-38.3828,1659983477.1839669
1.2175,33.4939,-32.276399999999995,1659983478.759613
11.6037,11.6732,-0.06949999999999967,1659983480.377432
19.8122,2.9487,16.863500000000002,1659983481.9785042
37.7239,0.2822,37.4417,1659983483.6279047
45.5458,1.3289,44.2169,1659983485.187594
25.1418,11.0223,14.1195,1659983486.738485
25.6381,1.1828,24.4553,1659983488.3233166
8.7005,12.4873,-3.7867999999999995,1659983490.4032197
14.1133,0.7044,13.408900000000001,1659983491.9411256
48.256,0.2822,47.9738,1659983493.9642642
16.1141,5.2344,10.8797,1659983495.5183725
1.8935,16.2178,-14.324300000000001,1659983497.1072147
8.653,6.7556,1.8974000000000002,1659983498.6764982
17.0867,1.1517,15.935,1659983500.2523625
31.7642,3.7008,28.063399999999998,1659983501.836289
28.2049,0.4467,27.7582,1659983503.9674308
18.7404,5.2901,13.450300000000002,1659983505.809
0.8976,6.1798,-5.2822000000000005,1659983507.4603622
9.4058,20.0777,-10.6719,1659983509.0204628
2.8006,11.0501,-8.249500000000001,1659983510.579561
11.2605,7.5246,3.7359,1659983512.3851502
11.8622,3.1389,8.7233,1659983513.9780643
17.8867,7.854,10.032700000000002,1659983515.6166203
11.1696,6.4188,4.750800000000001,1659983517.1739204
1.5226,22.5928,-21.0702,1659983518.7570734
1.7154,30.8273,-29.111900000000002,1659983520.366382
22.8972,0.152,22.7452,1659983522.5533128
31.6044,0.3159,31.2885,1659983524.1197789
27.2044,0.3362,26.868199999999998,1659983525.6839564
33.1452,0.3353,32.809900000000006,1659983527.2562199
0.4713,32.5219,-32.0506,1659983528.8395588
5.3321,19.0261,-13.693999999999999,1659983530.4152076
3.3203,26.9256,-23.6053,1659983531.997079
12.5285,4.1547,8.3738,1659983533.6148956
16.8297,7.2572,9.572499999999998,1659983535.190738
14.9425,2.2136,12.728900000000001,1659983536.7694058
18.4953,1.6538,16.8415,1659983538.365968
0.6299,20.6435,-20.0136,1659983539.9117053
6.1127,12.6585,-6.5458,1659983541.581636
16.3472,2.9484,13.398800000000001,1659983543.127851
21.5069,1.3386,20.168300000000002,1659983544.7002378
33.503,0.4708,33.0322,1659983546.4214525
3.0769,19.9608,-16.883899999999997,1659983547.9808486
3.0347,33.6816,-30.646900000000002,1659983549.538621
0.1798,35.1946,-35.0148,1659983551.125477
24.9172,6.5542,18.363,1659983552.702843
43.5935,0.6538,42.9397,1659983554.6296883
6.3789,14.6828,-8.3039,1659983556.1959784
6.8923,14.6838,-7.7915,1659983557.7694404
2.1936,21.8622,-19.6686,1659983559.5314314
2.6645,17.6449,-14.9804,1659983561.1406589
22.1583,0.4342,21.7241,1659983562.7650697
25.6359,0.2832,25.3527,1659983564.3248937
20.9161,8.1773,12.7388,1659983565.8917596
3.5126,9.3213,-5.808700000000001,1659983567.434703
2.7055,29.2857,-26.580199999999998,1659983569.0486948
16.1618,1.1751,14.986699999999999,1659983570.6458492
43.7849,0.2822,43.5027,1659983572.2115755
14.5068,7.7497,6.7571,1659983573.797633
5.6194,11.5008,-5.8814,1659983575.6358173
4.2336,11.4406,-7.207,1659983577.205632
21.3238,2.0045,19.3193,1659983578.7683601
1.151,0.4333,0.7177,1659983580.3731174
1.194,33.962,-32.768,1659983582.148799
1.2454,33.2665,-32.021100000000004,1659983583.726891
0.2888,36.1675,-35.878699999999995,1659983585.2848215
10.4371,5.3755,5.061599999999999,1659983586.8518283
9.4482,5.0257,4.4225,1659983588.4365215
19.8271,1.4712,18.355900000000002,1659983590.0128903
24.8942,1.3138,23.5804,1659983591.5758286
0.0021,23.4465,-23.4444,1659983593.173255
0.3693,37.9259,-37.556599999999996,1659983594.7494783
8.4232,16.3702,-7.947000000000001,1659983596.322748
27.1767,6.0861,21.090600000000002,1659983597.9104118
15.8486,0.0541,15.7945,1659983599.6118486
22.1331,3.955,18.1781,1659983601.3795953
22.153,1.4328,20.7202,1659983603.017512
38.4159,0.5394,37.8765,1659983604.640818
1.0352,26.7239,-25.6887,1659983606.2051532
8.6027,5.1909,3.4118000000000004,1659983607.831801
4.2967,13.9787,-9.681999999999999,1659983609.3876748
3.4592,14.5676,-11.1084,1659983610.952761
0.4521,21.2413,-20.789199999999997,1659983612.5203547
0.6362,3.5841,-2.9478999999999997,1659983614.1013641
14.5061,5.3512,9.1549,1659983615.8996964
10.2898,6.6868,3.6029999999999998,1659983617.481801
10.3408,14.5046,-4.1638,1659983619.0341942
1.8319,13.7363,-11.904399999999999,1659983621.178471
0.2931,19.3061,-19.013,1659983622.7683928
2.3991,17.8748,-15.4757,1659983624.5509448
1.9474,29.3323,-27.384900000000002,1659983626.1160388
7.4099,8.2511,-0.8411999999999988,1659983627.699515
3.7521,11.6648,-7.912699999999999,1659983629.248176
26.6581,0.346,26.3121,1659983630.9637077
25.9166,2.1114,23.8052,1659983632.51223
27.9999,0.4732,27.5267,1659983634.0938222
29.8097,1.7849,28.0248,1659983635.780309
5.294,9.2994,-4.005400000000001,1659983637.7190514
0.5986,15.7039,-15.105300000000002,1659983639.355375
2.1899,24.6486,-22.458699999999997,1659983640.9904325
2.2509,18.7616,-16.5107,1659983643.1235144
0.0169,27.8607,-27.8438,1659983645.2837968
0.9303,19.4457,-18.5154,1659983646.855341
5.634,11.2211,-5.5870999999999995,1659983648.431051
6.975,17.3853,-10.410300000000001,1659983650.035574
7.3557,16.8743,-9.518600000000003,1659983651.6123922
5.1049,12.9161,-7.8112,1659983653.186136
0.63,0.1744,0.4556,1659983654.783472
7.6498,9.6831,-2.0332999999999997,1659983656.5284247
20.721,0.3039,20.4171,1659983658.1981683
18.8743,2.7088,16.1655,1659983659.7593415
17.5332,1.0982,16.435000000000002,1659983661.3629544
19.4896,1.0162,18.473399999999998,1659983662.95236
0.4,0.0001,0.39990000000000003,1659983664.5306735
9.5939,3.8899,5.704,1659983666.8819933
7.1583,14.5999,-7.4416,1659983668.486753
7.6315,12.7607,-5.1292,1659983670.0668802
5.8428,19.406,-13.563199999999998,1659983671.6510098
6.092,23.7196,-17.6276,1659983673.278509
3.434,27.7843,-24.3503,1659983674.8787227
13.739,10.3507,3.388300000000001,1659983676.4597762
10.0236,14.8762,-4.852600000000001,1659983678.2933571
9.6625,16.0936,-6.431099999999999,1659983679.8808248
10.6601,15.6742,-5.014100000000001,1659983681.4193661
15.9681,11.7579,4.2102,1659983682.979195
4.4308,19.1774,-14.746599999999999,1659983684.5557063
6.2299,18.5835,-12.3536,1659983686.1576765
5.1166,19.8734,-14.7568,1659983687.7247694
0.5674,0.3962,0.17120000000000002,1659983689.2687542
9.9441,12.6559,-2.7118,1659983691.3903875
8.1808,16.2626,-8.0818,1659983693.5333598
0.8553,28.7524,-27.897100000000002,1659983695.8639452
11.1012,7.5701,3.5311000000000003,1659983697.9547696
4.6942,21.2533,-16.5591,1659983700.0633538
1.0489,25.9714,-24.9225,1659983702.3894975
8.4047,17.644,-9.239299999999998,1659983703.9370117
3.2012,24.7099,-21.5087,1659983706.0515537
3.3767,31.2727,-27.896,1659983708.147161
0.415,32.8984,-32.4834,1659983709.7049406
5.6722,27.7117,-22.0395,1659983711.2788646
2.0121,27.8725,-25.8604,1659983713.3853385
0.6219,30.589,-29.9671,1659983715.4684217
0.0632,23.719,-23.655800000000003,1659983717.0433571
2.5663,16.2987,-13.7324,1659983719.1236598
4.2572,19.4477,-15.1905,1659983721.2200263
1.7105,27.1198,-25.4093,1659983722.7813985
3.2911,25.3363,-22.0452,1659983724.330402
1.5753,29.3749,-27.7996,1659983725.9160903
1.0759,30.3616,-29.2857,1659983727.489067
0.3258,8.954,-8.628200000000001,1659983729.3865035
23.6271,12.4203,11.2068,1659983731.1307385
0.5649,21.7247,-21.159799999999997,1659983732.7527993
3.2401,30.6974,-27.457299999999996,1659983734.418152
0.2253,30.4442,-30.218899999999998,1659983736.0092247
0.0826,33.4159,-33.3333,1659983737.6957953
0.2061,39.3917,-39.1856,1659983739.268688
3.3189,37.8021,-34.483200000000004,1659983740.8361394
18.815,3.1703,15.6447,1659983742.7796116
20.8569,0.7223,20.1346,1659983744.6781056
23.9983,0.9517,23.0466,1659983746.2455752
16.7435,3.5169,13.226600000000001,1659983747.8236895
17.8172,4.2282,13.588999999999999,1659983749.4004886
16.0851,5.4774,10.607700000000001,1659983750.9698951
9.1124,10.8668,-1.7544000000000004,1659983752.5603843
11.6408,8.9425,2.6982999999999997,1659983754.1688597
1.9344,14.2083,-12.2739,1659983755.8023813
0.4786,22.9893,-22.5107,1659983757.3932362
3.4685,14.0073,-10.5388,1659983759.1908014
5.2398,14.7333,-9.493500000000001,1659983760.7428842
8.7355,5.5526,3.1829,1659983762.441101
0.9384,9.7291,-8.790700000000001,1659983764.24086
4.4123,14.6039,-10.1916,1659983765.800849
1.2345,17.9399,-16.7054,1659983767.4422033
2.4708,20.3471,-17.8763,1659983769.0441785
5.2874,14.6703,-9.3829,1659983770.6038723
3.8599,14.7088,-10.8489,1659983773.071128
12.1798,5.5898,6.59,1659983774.6346765
25.5326,6.2539,19.2787,1659983776.2141297
3.3654,0.0745,3.2909,1659983777.820751
0.6735,6.7315,-6.058,1659983779.3844464
5.5909,14.1498,-8.558900000000001,1659983780.9352267
8.6203,11.8886,-3.2683,1659983782.5215504
17.9688,1.551,16.417800000000003,1659983784.1940928
20.853,2.8818,17.971200000000003,1659983785.7604108
36.3571,4.7626,31.594500000000004,1659983787.3389857
10.1738,9.7534,0.4204000000000008,1659983788.9041986
0.6,43.054,-42.454,1659983790.4740605
2.1094,22.2991,-20.1897,1659983792.1726336
0.4769,23.307,-22.830099999999998,1659983793.7462363
15.6941,3.0339,12.6602,1659983795.3016543
24.6144,1.7711,22.8433,1659983796.8846436
24.895,5.6332,19.2618,1659983798.5126674
16.1633,6.8568,9.3065,1659983800.115167
11.051,6.2756,4.7754,1659983801.9755106
10.9963,6.6784,4.3179,1659983803.7173538
14.421,5.515,8.905999999999999,1659983805.309194
13.5637,4.7583,8.8054,1659983806.9266357
18.3586,1.74,16.6186,1659983808.5079122
11.7786,6.4105,5.368100000000001,1659983810.0778215
16.0389,5.293,10.745900000000002,1659983811.6808493
12.0906,5.2671,6.8235,1659983813.2647982
10.203,6.9665,3.2364999999999995,1659983815.3612025
1.5641,31.5602,-29.9961,1659983816.9799318
0.2902,34.0609,-33.7707,1659983818.7671025
12.4334,17.7024,-5.269,1659983820.8579683
24.8008,0.8773,23.923499999999997,1659983822.4121275
12.4136,7.4611,4.952500000000001,1659983824.4537044
4.487,11.9511,-7.4641,1659983826.0284042
3.0719,13.7668,-10.6949,1659983827.5936806
0.0446,18.9533,-18.9087,1659983829.2005973
15.2974,8.685,6.612399999999999,1659983831.0348763
19.581,5.1107,14.4703,1659983832.6946619
7.4735,3.8323,3.6411999999999995,1659983834.2383084
22.2852,0.1,22.1852,1659983835.8204856
48.3323,0.0702,48.2621,1659983837.407132
51.0151,0.3336,50.6815,1659983838.9522264
6.9409,9.7746,-2.8336999999999994,1659983840.5223982
1.9084,12.7612,-10.8528,1659983842.0860915
7.6271,16.4194,-8.7923,1659983843.6525598
6.2263,18.2301,-12.0038,1659983845.2900107
4.2652,18.4823,-14.217099999999999,1659983846.8479362
3.3133,24.734,-21.420700000000004,1659983848.4266644
2.3542,25.74,-23.3858,1659983850.0397503
4.4309,22.7859,-18.355,1659983851.6204739
0.5285,26.0509,-25.522399999999998,1659983853.1884718
0.0788,25.8085,-25.729699999999998,1659983854.7718034
2.5935,21.1464,-18.5529,1659983856.3504453
7.7055,5.5272,2.1783,1659983857.9784417
11.3525,4.7886,6.563899999999999,1659983859.5434856
18.0967,0.2318,17.8649,1659983861.1086216
32.1875,2.6967,29.4908,1659983862.6849875
30.9031,1.4749,29.428199999999997,1659983864.2489033
4.5289,12.9462,-8.4173,1659983865.8410378
2.9931,16.8181,-13.825000000000001,1659983867.4520214
1.7249,20.8692,-19.144299999999998,1659983869.2973428
2.4779,21.7384,-19.2605,1659983870.8574266
6.5347,11.5224,-4.987699999999999,1659983872.4524975
5.5195,11.9224,-6.4029,1659983874.012876
5.5453,11.9255,-6.380199999999999,1659983875.5451558
3.4633,18.0716,-14.6083,1659983877.1566775
9.5568,7.816,1.740800000000001,1659983878.6984348
13.7332,6.4176,7.3156,1659983880.270368
20.3212,4.0749,16.2463,1659983881.8381128
10.9208,5.5158,5.405,1659983883.6224105
7.7787,10.4179,-2.6391999999999998,1659983886.025468
26.1363,3.9668,22.1695,1659983887.6146834
4.2497,5.5012,-1.2515,1659983889.1999145
0.9644,11.6621,-10.697700000000001,1659983890.8273296
2.332,16.5913,-14.2593,1659983892.4303598
0.3097,40.9069,-40.5972,1659983894.0651715
1.7554,47.7696,-46.014199999999995,1659983895.6550918
18.0131,0.1618,17.851300000000002,1659983897.2323964
34.674,0.1831,34.490899999999996,1659983899.3409176
18.202,1.3677,16.834300000000002,1659983900.9660614
19.0817,0.2103,18.8714,1659983902.6278238
0.4437,10.5086,-10.0649,1659983904.1993673
20.4468,0.1627,20.2841,1659983905.9373765
12.352,5.3146,7.0374,1659983907.570481
7.2942,7.7813,-0.48709999999999987,1659983909.3525286
18.9631,2.2373,16.7258,1659983910.904019
22.2287,1.0308,21.1979,1659983912.6189876
17.5272,6.575,10.952200000000001,1659983914.187652
4.9079,11.7454,-6.8375,1659983915.7566326
22.6957,8.6388,14.056899999999999,1659983917.4170182
2.3258,13.5384,-11.212599999999998,1659983919.0960886
2.3294,18.0743,-15.744900000000001,1659983920.688682
2.048,15.2389,-13.1909,1659983922.2752721
19.1218,1.6318,17.490000000000002,1659983923.9021025
11.6738,6.5597,5.1141,1659983927.1725893
6.4223,12.8417,-6.4193999999999996,1659983928.7461216
9.0982,13.3342,-4.235999999999999,1659983930.3948393
5.8538,0.7656,5.0882,1659983931.9873846
7.9168,13.3903,-5.4735,1659983933.5804613
0.5502,29.2999,-28.7497,1659983935.2015076
12.5562,4.26,8.2962,1659983937.308507
3.6133,12.066,-8.4527,1659983939.1204884
1.0832,14.5261,-13.4429,1659983940.6928053
0.0191,0.025,-0.0059000000000000025,1659983943.445185
0.2,0.1618,0.03820000000000001,1659983945.0323968
20.4357,3.5157,16.92,1659983946.9297895
8.253,8.6648,-0.4117999999999995,1659983948.5900466
1.0857,22.0801,-20.994400000000002,1659983950.1848211
3.4645,40.9947,-37.5302,1659983951.7393987
2.7852,31.9978,-29.212600000000002,1659983953.5297594
4.3682,29.754,-25.385800000000003,1659983955.1857395
3.7341,30.7941,-27.06,1659983956.7867165
0.5052,30.8469,-30.341700000000003,1659983958.3965735
0.5001,3.431,-2.9309000000000003,1659983959.993511
17.7331,4.627,13.106100000000001,1659983961.6375413
12.1519,4.6817,7.470199999999999,1659983963.2047493
14.7246,3.9971,10.727500000000001,1659983964.771174
15.4987,3.56,11.938699999999999,1659983966.3264096
19.769,2.5012,17.267799999999998,1659983967.8768277
26.8239,2.0603,24.763599999999997,1659983970.0184538
25.4512,5.7746,19.6766,1659983972.3654647
19.1272,10.2495,8.877699999999999,1659983973.920184
28.09,0.2819,27.8081,1659983975.4844396
9.5443,14.4431,-4.8988,1659983977.0554035
0.0847,43.9512,-43.8665,1659983978.8401039
0.606,15.7384,-15.1324,1659983980.9225743
0.2289,1.785,-1.5560999999999998,1659983982.5187917
0.602,21.9673,-21.3653,1659983984.1170065
7.4573,7.4696,-0.012299999999999756,1659983985.7502167
11.3077,2.2616,9.046100000000001,1659983987.3246768
6.409,0.7177,5.6913,1659983988.8757746
3.5895,19.2976,-15.708099999999998,1659983990.4300404
1.7573,19.1908,-17.4335,1659983992.084607
16.0889,3.6112,12.477699999999999,1659983993.6577094
4.4469,19.104,-14.6571,1659983995.221213
1.2436,15.4211,-14.177499999999998,1659983996.8057926
2.9942,9.0653,-6.0711,1659983998.3947434
10.2639,3.3438,6.9201,1659983999.9854925
13.2153,0.0216,13.1937,1659984001.5890374
24.8324,1.3433,23.4891,1659984003.181496
24.2298,2.2665,21.9633,1659984004.754263
35.3625,0.7128,34.649699999999996,1659984006.331955
28.7599,0.4196,28.3403,1659984008.115857
11.0141,3.262,7.752099999999999,1659984009.6841156
0.3616,21.6704,-21.3088,1659984011.2632735
0.2987,17.842,-17.5433,1659984012.8572154
0.6618,22.25,-21.5882,1659984014.436041
1.5502,21.9665,-20.4163,1659984016.193166
1.7769,23.0555,-21.278599999999997,1659984017.8187308
0.1377,26.6227,-26.485,1659984019.5169733
12.5616,3.194,9.3676,1659984021.1929145
1.28,22.1651,-20.885099999999998,1659984022.8479528
2.0261,15.7849,-13.7588,1659984024.5019364
6.7888,9.9154,-3.1266,1659984026.0486665
0.8868,7.9243,-7.0375,1659984027.6385767
1.3682,24.2516,-22.883399999999998,1659984029.2017808
3.8855,23.2389,-19.3534,1659984030.7492247
2.5914,19.5673,-16.9759,1659984032.3652432
9.5476,13.4664,-3.918800000000001,1659984033.9054742
28.4043,0.3208,28.0835,1659984035.4621935
26.998,0.1473,26.8507,1659984037.0252397
16.4869,2.3763,14.110599999999998,1659984038.6258214
20.0642,0.9621,19.1021,1659984040.2322614
4.6694,5.5431,-0.8736999999999995,1659984041.7865276
2.6509,7.2813,-4.6304,1659984043.3288887
4.9019,1.5289,3.373,1659984045.101616
23.2044,1.8644,21.34,1659984046.66214
0.5794,31.5479,-30.9685,1659984048.3106942
1.2326,24.8675,-23.6349,1659984049.857278
0.2113,33.1339,-32.922599999999996,1659984051.6504421
9.4651,22.4533,-12.988199999999999,1659984053.2109485
7.2079,11.4104,-4.202499999999999,1659984054.7727861
9.8308,0.2557,9.5751,1659984056.5156243
17.48,2.308,15.172,1659984058.0854335
7.5282,15.7586,-8.2304,1659984059.7415912
7.2908,15.2287,-7.9379,1659984061.3107457
2.7376,16.7911,-14.0535,1659984062.9320774
0.5884,20.0224,-19.434,1659984064.50921
8.2888,7.5003,0.7885,1659984066.203892
0.4899,9.2295,-8.7396,1659984067.860821
0.2859,23.3977,-23.1118,1659984069.5260537
13.5957,8.3766,5.219100000000001,1659984071.3711936
23.0499,2.7425,20.3074,1659984072.9371688
1.8959,7.688,-5.7921,1659984074.4998007
0.1831,19.5637,-19.3806,1659984076.0784416
13.7587,1.9219,11.8368,1659984077.6876514
7.6793,7.5496,0.1296999999999997,1659984079.620135
0.8144,11.1852,-10.3708,1659984081.192344
1.4366,32.7772,-31.340600000000002,1659984082.8154883
32.9909,1.8713,31.119600000000002,1659984084.3745239
12.8001,7.0039,5.796200000000001,1659984085.958001
15.7499,0.3654,15.384500000000001,1659984087.6288295
8.1892,6.3335,1.8556999999999997,1659984089.195203
12.8766,2.6874,10.1892,1659984090.763399
9.0919,9.4755,-0.3835999999999995,1659984092.4317272
3.0746,9.1196,-6.045,1659984093.9930716
2.4371,9.9436,-7.5065,1659984095.5938542
9.7148,4.4378,5.277,1659984097.2080126
23.0798,1.8732,21.206599999999998,1659984098.763218
2.7994,13.8499,-11.0505,1659984100.3819435
1.0486,30.6886,-29.64,1659984101.9291456
10.7055,2.0843,8.621200000000002,1659984103.5211549
19.7607,3.931,15.829699999999999,1659984105.0852957
0.8445,10.8307,-9.9862,1659984106.6586866
1.8244,13.3083,-11.483899999999998,1659984108.2091086
0.2474,32.8873,-32.639900000000004,1659984109.7660997
0.6285,19.4415,-18.813000000000002,1659984111.3677738
2.9747,18.1027,-15.127999999999998,1659984113.4670668
0.4201,21.8638,-21.4437,1659984115.0927093
1.7524,27.8834,-26.131,1659984116.8522792
11.0616,2.2752,8.7864,1659984118.4442742
26.7899,4.134,22.6559,1659984120.0851367
15.4229,3.3786,12.0443,1659984122.178185
3.393,8.3445,-4.9515,1659984123.7555125
33.237,0.2994,32.9376,1659984125.355718
22.8641,1.4143,21.4498,1659984126.9679298
1.5917,11.3835,-9.7918,1659984128.80395
2.7456,32.5311,-29.785500000000003,1659984130.3585608
0.3086,39.9481,-39.6395,1659984132.011434
0.3087,46.0737,-45.765,1659984133.5646582
1.9771,38.7371,-36.76,1659984135.3568769
2.7589,27.8243,-25.0654,1659984136.9288547
7.3179,21.8503,-14.5324,1659984138.510789
8.0042,9.1096,-1.1053999999999995,1659984140.0777943
5.2454,13.1958,-7.9504,1659984141.6288261
35.0541,2.7783,32.2758,1659984143.458778
31.8224,1.9176,29.904799999999998,1659984145.018805
35.234,0.6928,34.5412,1659984146.5719166
34.5594,0.128,34.4314,1659984148.2226703
34.4593,2.6698,31.7895,1659984149.784647
10.1509,3.5147,6.6362000000000005,1659984151.9527063
11.9561,3.9506,8.0055,1659984153.5460026
14.1194,3.7499,10.3695,1659984155.1797338
13.2101,3.9548,9.2553,1659984156.827847
12.5778,6.6752,5.9026,1659984158.620291
14.6102,3.5191,11.0911,1659984160.265056
6.6338,10.4956,-3.8617999999999997,1659984161.8344488
6.753,11.4905,-4.737500000000001,1659984163.38169
6.0451,13.2942,-7.2491,1659984164.9325182
4.6033,27.7983,-23.195,1659984166.5294495
0.1157,27.0562,-26.9405,1659984168.102349
1.9554,0.499,1.4564,1659984169.693115
2.7459,30.1937,-27.4478,1659984171.263216
9.2214,6.1045,3.1168999999999993,1659984172.8937123
9.2214,7.2963,1.9250999999999996,1659984174.4689116
6.3302,12.3693,-6.039100000000001,1659984176.0476093
6.361,28.5619,-22.2009,1659984177.6571176
8.8549,13.5616,-4.7067,1659984179.2369215
0.4471,18.4152,-17.9681,1659984180.8124204
22.871,3.947,18.924,1659984182.3988218
10.8356,7.6543,3.1812999999999994,1659984183.954379
13.3677,3.7573,9.610399999999998,1659984185.5007324
2.697,12.0015,-9.3045,1659984187.1213508
10.2881,18.4416,-8.153500000000001,1659984188.7085028
7.4662,7.3283,0.13790000000000013,1659984190.2793288
13.6444,5.0391,8.6053,1659984192.0393238
19.5254,1.9559,17.5695,1659984193.6487966
31.5944,3.2152,28.3792,1659984195.186288
3.2768,9.792,-6.5152,1659984196.7980552
7.621,6.4215,1.1995000000000005,1659984199.1724017
5.7095,8.6558,-2.946299999999999,1659984200.8207579
2.1662,24.6361,-22.4699,1659984202.3948655
14.6889,5.8418,8.847100000000001,1659984203.9855628
15.7806,4.043,11.7376,1659984205.5744107
17.6527,3.5561,14.096599999999999,1659984207.4048266
19.1911,3.5155,15.6756,1659984208.9811566
14.3008,11.5945,2.7063000000000006,1659984210.5978105
11.9776,12.266,-0.2883999999999993,1659984212.1891575
15.3745,9.8607,5.5138,1659984213.7731123
12.1452,12.1889,-0.043699999999999406,1659984215.3463144
10.5446,12.9872,-2.4425999999999988,1659984216.921927
1.0717,24.4632,-23.3915,1659984218.869257
12.7053,18.2936,-5.588300000000002,1659984220.42917
10.988,18.1324,-7.144400000000001,1659984222.005177
11.8107,16.9295,-5.1188,1659984223.6156936
0.363,41.0804,-40.7174,1659984225.2113643
0.3383,36.2393,-35.901,1659984226.8077278
0.001,41.3719,-41.3709,1659984228.4214108
0.3136,34.5703,-34.2567,1659984230.0031095
0.01,0.6464,-0.6364,1659984231.6149635
3.2085,11.7688,-8.560300000000002,1659984233.7185814
12.6814,10.814,1.8674,1659984235.272485
27.7216,3.775,23.9466,1659984236.819805
26.3268,3.7078,22.619,1659984238.481003
10.3692,7.8111,2.5580999999999996,1659984240.18043
9.1501,14.6645,-5.5144,1659984241.830367
2.4414,18.3296,-15.8882,1659984243.9958975
5.9106,15.0582,-9.1476,1659984245.5468662
10.4102,6.2036,4.2066,1659984247.121272
15.2801,5.947,9.333099999999998,1659984248.6951628
11.8047,3.8743,7.930400000000001,1659984250.3594928
10.177,4.9652,5.211799999999999,1659984251.9128003
13.2973,6.3646,6.9327,1659984253.4624584
12.9573,2.5624,10.3949,1659984255.0768995
19.5375,0.6439,18.893600000000003,1659984256.6770427
6.9336,9.4548,-2.5212000000000003,1659984258.4426904
0.2542,18.1521,-17.8979,1659984260.5924134
3.462,13.5788,-10.1168,1659984262.9352894
0.5824,13.9951,-13.412700000000001,1659984264.632006
1.3448,17.3093,-15.964500000000001,1659984266.7396493
1.3445,17.3093,-15.9648,1659984268.3068926
2.8382,18.1038,-15.2656,1659984269.8957963
0.3766,21.5455,-21.1689,1659984271.5401604
0.2112,32.1256,-31.914399999999997,1659984273.108654
1.8731,28.9444,-27.0713,1659984274.9335446
2.5921,32.4589,-29.8668,1659984276.5719233
0.1415,31.7179,-31.5764,1659984278.255141
6.8994,15.9882,-9.0888,1659984279.9829376
29.9146,1.2928,28.6218,1659984281.5985205
30.5142,5.8987,24.615499999999997,1659984283.7331364
1.6711,11.4473,-9.7762,1659984285.8454936
0.7424,12.3971,-11.6547,1659984287.4000628
8.4331,10.6069,-2.1738,1659984288.998538
13.3878,1.1059,12.2819,1659984290.5640182
9.8316,2.3859,7.4457,1659984292.1524308
10.1561,5.0282,5.1279,1659984293.8678386
4.2172,5.5564,-1.3392,1659984295.4331677
7.4888,0.1744,7.3144,1659984297.0075235
36.2043,3.0054,33.1989,1659984298.5598707
27.4636,1.0018,26.4618,1659984300.1215286
10.6223,16.0139,-5.3916,1659984301.6852643
2.7462,17.817,-15.0708,1659984303.2372482
2.9655,13.669,-10.7035,1659984305.3368251
3.153,14.3179,-11.1649,1659984306.8903587
0.9249,22.4037,-21.4788,1659984308.4462364
20.9291,4.9524,15.976699999999997,1659984310.0708883
0.3519,19.9499,-19.598,1659984311.7069826
0.9102,42.2604,-41.350199999999994,1659984313.3710437
1.0844,31.3677,-30.2833,1659984314.9612463
5.6124,20.0539,-14.441499999999998,1659984316.5232623
9.5356,5.0076,4.5280000000000005,1659984318.1423972
3.5758,8.9523,-5.376499999999999,1659984319.7409627
3.599,15.1284,-11.529399999999999,1659984321.3343415
3.6129,13.0411,-9.4282,1659984322.9512115
5.239,13.0411,-7.8021,1659984324.5531826
1.5437,13.7872,-12.243500000000001,1659984326.5529716
0.05,29.4938,-29.4438,1659984328.4066465
0.6072,25.1849,-24.5777,1659984330.5422928
0.018,3.0,-2.982,1659984332.134133
0.1569,31.7102,-31.5533,1659984333.749088
2.3836,32.7084,-30.324799999999996,1659984335.3341482
1.2892,26.6262,-25.337,1659984336.9167657
1.283,38.4006,-37.117599999999996,1659984338.5212698
18.8825,18.2223,0.6601999999999997,1659984340.6378603
11.6262,19.9127,-8.2865,1659984342.496431
12.4567,16.1598,-3.703100000000001,1659984344.116073
13.1161,12.0491,1.0670000000000002,1659984345.7401402
13.745,19.9695,-6.224500000000001,1659984347.9634824
12.2141,15.7214,-3.507299999999999,1659984349.5299835
12.0585,15.2767,-3.2181999999999995,1659984351.3201869
12.5581,22.4743,-9.9162,1659984352.8866289
0.3205,30.597,-30.276500000000002,1659984354.4631922
0.8059,28.1959,-27.39,1659984356.6041613
0.4618,33.5588,-33.097,1659984358.2258754
46.6462,11.4653,35.1809,1659984359.8438735
8.5971,14.1336,-5.5365,1659984361.403891
16.0349,9.9041,6.130800000000001,1659984362.992178
21.8079,4.4767,17.3312,1659984364.596084
9.6904,10.1807,-0.4902999999999995,1659984366.190864
0.6724,21.3477,-20.6753,1659984367.8212445
0.3604,22.3486,-21.988200000000003,1659984369.4289482
2.706,18.6992,-15.993200000000002,1659984371.171756
20.047,0.2103,19.8367,1659984372.7936885
26.9394,1.52,25.4194,1659984374.3689578
7.1787,2.8703,4.308400000000001,1659984376.082465
9.1156,1.3334,7.7822000000000005,1659984377.709784
9.5166,2.5057,7.0109,1659984379.292311
15.7175,0.6082,15.1093,1659984380.872278
16.6117,2.1033,14.508399999999998,1659984382.483041
14.6032,2.3033,12.2999,1659984384.0332184
21.0901,2.0774,19.0127,1659984385.5957992
35.9899,0.36,35.6299,1659984387.1812396
8.0325,10.7404,-2.7078999999999986,1659984389.477803
24.2781,5.6615,18.6166,1659984391.089803
9.1615,12.5542,-3.3926999999999996,1659984393.205613
4.8974,11.7758,-6.8784,1659984395.2137647
13.3957,0.563,12.832699999999999,1659984396.7805963
18.0298,8.3059,9.723900000000002,1659984398.3471522
31.1891,0.1217,31.0674,1659984399.9154775
1.1534,0.03,1.1234,1659984401.5055435
20.1462,8.2497,11.8965,1659984403.0811818
16.9242,6.1805,10.743699999999999,1659984404.663808
9.5266,8.1802,1.346400000000001,1659984407.00415
23.9163,3.0079,20.9084,1659984409.3064332
27.2766,6.8103,20.466299999999997,1659984411.450621
0.2949,24.745,-24.450100000000003,1659984413.2294817
7.6351,33.2682,-25.6331,1659984414.820408
0.0253,32.7318,-32.7065,1659984416.398688
0.8085,31.0005,-30.192,1659984418.0125947
0.9738,31.6876,-30.7138,1659984419.6055222
0.6558,32.2201,-31.564300000000003,1659984421.728773
0.4805,33.5741,-33.0936,1659984423.3693223
0.3081,33.3997,-33.0916,1659984424.9941287
0.1678,34.1197,-33.9519,1659984427.106876
1.8772,28.9185,-27.041300000000003,1659984428.698327
0.7228,27.7619,-27.0391,1659984430.284945
3.3092,28.1895,-24.8803,1659984431.8356915
3.3092,31.801,-28.491799999999998,1659984433.4146142
0.879,27.8209,-26.9419,1659984435.5365427
10.2283,23.5442,-13.3159,1659984437.166326
7.6242,24.185,-16.5608,1659984438.8017802
4.1154,31.9027,-27.7873,1659984440.3852723
0.0352,24.8273,-24.7921,1659984441.9921126
7.4486,16.9179,-9.4693,1659984444.497205
19.2362,0.282,18.9542,1659984446.1017418
32.9957,1.5406,31.455099999999998,1659984447.6781583
14.7863,4.6144,10.1719,1659984449.2732701
8.9339,3.3958,5.5381,1659984451.5748203
10.5884,1.953,8.6354,1659984453.1254597
11.2913,3.1789,8.1124,1659984454.93611
3.3014,6.8721,-3.5706999999999995,1659984457.253096
0.3025,38.4841,-38.181599999999996,1659984458.8102174
7.4252,18.7599,-11.334699999999998,1659984460.9097939
3.251,19.701,-16.45,1659984462.4605224
17.2196,0.1142,17.1054,1659984464.018225
0.6656,14.2829,-13.6173,1659984465.622106
3.3756,13.377,-10.0014,1659984467.1615908
5.0033,12.7447,-7.7414,1659984469.3169196
2.7987,11.2593,-8.4606,1659984471.222579
0.1652,35.0679,-34.9027,1659984472.9331088
1.5739,15.8234,-14.2495,1659984474.5035577
12.6514,13.9193,-1.2678999999999991,1659984476.0683649
11.1061,16.1386,-5.032500000000001,1659984477.7052531
20.5886,8.8387,11.7499,1659984479.269034
22.7232,6.8628,15.860399999999998,1659984481.0750935
42.044,5.9082,36.135799999999996,1659984483.2124162
40.9238,5.9249,34.9989,1659984484.801885
44.3576,3.0408,41.3168,1659984486.419591
0.638,17.6923,-17.054299999999998,1659984488.0407157
0.2193,41.3042,-41.084900000000005,1659984489.6004443
0.2243,45.0206,-44.7963,1659984491.1819873
0.3178,37.6912,-37.373400000000004,1659984492.8270128
0.3404,26.1819,-25.8415,1659984494.9078681
0.5876,32.0077,-31.4201,1659984496.609782
23.0068,12.4529,10.553899999999999,1659984498.1648571
27.9646,3.3274,24.6372,1659984499.735469
25.2024,4.7651,20.4373,1659984501.3000665
25.6925,3.485,22.2075,1659984503.5133965
0.5116,13.9273,-13.415700000000001,1659984505.066725
0.7716,15.6555,-14.8839,1659984506.649655
0.5886,11.5042,-10.915600000000001,1659984508.255191
1.1522,1.0,0.1521999999999999,1659984509.8458178
0.0942,46.949,-46.8548,1659984511.7084832
7.6407,17.5023,-9.861600000000003,1659984513.2591836
4.8594,27.7745,-22.9151,1659984514.8704576
6.8139,25.4528,-18.6389,1659984516.558626
2.069,31.1212,-29.052200000000003,1659984518.1894617
0.412,32.1843,-31.7723,1659984520.5406432
4.0692,17.9405,-13.8713,1659984522.1074696
3.4406,16.5065,-13.0659,1659984523.721641
3.6371,29.2055,-25.5684,1659984525.287678
4.9643,22.0931,-17.1288,1659984526.8840535
24.0987,2.4559,21.6428,1659984529.3880615
31.8802,2.2661,29.6141,1659984530.958961
28.0474,0.3435,27.7039,1659984532.5355432
1.2208,24.2168,-22.996,1659984534.1800492
1.4922,24.3723,-22.8801,1659984535.761955
11.097,2.475,8.622,1659984537.3330185
31.6086,1.6097,29.9989,1659984538.938229
10.1703,11.7824,-1.6121000000000016,1659984540.677622
4.0325,0.3047,3.7278,1659984542.3040643
14.2739,7.9482,6.325699999999999,1659984544.146463
27.5496,3.9951,23.5545,1659984546.0389469
0.9126,16.1885,-15.275900000000002,1659984547.693346
0.9511,33.311,-32.3599,1659984549.2434704
1.8016,22.1314,-20.3298,1659984550.9036264
4.5282,22.1314,-17.6032,1659984552.4804115
21.3444,1.7217,19.622700000000002,1659984554.0443556
12.2534,5.1507,7.1027,1659984555.609006
13.5062,1.9664,11.5398,1659984557.196145
9.7901,0.3128,9.477300000000001,1659984558.7624645
9.0683,8.1863,0.8820000000000014,1659984560.3377526
6.0224,10.3144,-4.291999999999999,1659984561.912432
6.3767,10.3144,-3.9376999999999995,1659984563.4866357
23.8871,1.6483,22.2388,1659984565.0757797
17.0592,6.4587,10.6005,1659984566.6504397
16.1207,5.2154,10.9053,1659984568.5540218
18.5763,3.0225,15.553799999999999,1659984570.2346208
19.2893,3.2266,16.0627,1659984571.7770414
15.289,7.3102,7.9788,1659984573.4154658
16.433,6.3497,10.0833,1659984574.99225
0.4,0.0542,0.3458,1659984576.5669699
20.3977,3.0622,17.3355,1659984578.1511579
23.7693,3.8505,19.9188,1659984580.0303795
25.7614,3.024,22.737399999999997,1659984581.6060417
24.2247,4.5179,19.706799999999998,1659984583.3931499
30.4927,3.549,26.9437,1659984584.9329467
0.3232,32.9502,-32.627,1659984586.559011
3.4001,17.0986,-13.698500000000001,1659984588.142613
12.0699,5.3801,6.689800000000001,1659984589.7050357
14.4859,8.0001,6.485800000000001,1659984591.3230617
15.2994,4.1705,11.128900000000002,1659984592.8632593
15.4143,11.3252,4.0891,1659984594.764016
3.8787,14.8044,-10.925699999999999,1659984596.3353891
5.3748,14.8044,-9.4296,1659984597.9358068
1.0493,23.9047,-22.8554,1659984599.4932475
2.0864,21.9622,-19.875799999999998,1659984601.0546048
3.2774,38.2482,-34.9708,1659984603.1805098
0.283,41.1499,-40.8669,1659984605.249997
1.762,40.243,-38.481,1659984607.0392094
0.401,38.6541,-38.253099999999996,1659984608.5998735
2.7472,28.3053,-25.5581,1659984610.2275448
2.1346,38.4808,-36.3462,1659984611.9998276
1.1827,30.3662,-29.1835,1659984613.564431
1.413,34.137,-32.724000000000004,1659984615.1527152
6.6537,26.5909,-19.9372,1659984617.496607
1.7206,29.9727,-28.2521,1659984619.0552995
18.2622,7.3916,10.8706,1659984620.634079
19.767,8.7197,11.0473,1659984622.3066416
13.0001,8.3919,4.6082,1659984624.4811053
3.96,11.4034,-7.4434,1659984626.3042498
6.685,13.3619,-6.676900000000001,1659984627.8694448
7.4294,13.1627,-5.733299999999999,1659984629.434152
24.1365,4.3554,19.781100000000002,1659984630.9774868
14.1684,10.6074,3.561,1659984632.9753556
21.7821,0.1378,21.6443,1659984634.5534666
1.7389,21.1039,-19.365,1659984636.0984735
2.8234,21.1039,-18.2805,1659984637.7005453
2.6029,26.4429,-23.840000000000003,1659984639.2763934
2.6159,27.6776,-25.061700000000002,1659984640.8263788
5.5808,27.0796,-21.4988,1659984642.3643322
5.3773,32.9183,-27.541000000000004,1659984644.1494734
9.0611,32.0683,-23.0072,1659984645.7743924
8.3862,30.533,-22.1468,1659984647.3532677
9.8127,26.3912,-16.578500000000002,1659984648.9328682
8.2911,25.9382,-17.6471,1659984650.7179632
5.6418,26.3628,-20.721,1659984652.2958028
6.5287,25.7628,-19.234099999999998,1659984653.873276
13.4959,6.5137,6.982200000000001,1659984655.4597714
6.4347,10.2375,-3.8028000000000004,1659984657.0070252
9.7919,7.738,2.0538999999999996,1659984658.5655448
8.4848,11.6802,-3.1953999999999994,1659984660.1401947
10.452,10.8318,-0.37979999999999947,1659984661.7357202
9.0889,10.6996,-1.6106999999999996,1659984663.4975858
1.0159,31.023,-30.0071,1659984665.1701362
7.171,19.1758,-12.0048,1659984666.7664404
20.3486,0.0895,20.2591,1659984668.328132
20.0301,2.7695,17.2606,1659984670.0911105
20.9398,0.0895,20.8503,1659984671.643397
10.9625,8.5935,2.3689999999999998,1659984673.3974283
0.5466,1.0,-0.4534,1659984674.9783099
5.3131,9.5268,-4.213699999999999,1659984676.5172074
3.6254,13.0325,-9.4071,1659984678.0800288
3.271,13.3858,-10.114799999999999,1659984679.6739438
0.6214,29.9503,-29.328899999999997,1659984681.2779574
1.305,31.8458,-30.5408,1659984682.8629286
1.305,33.9803,-32.6753,1659984684.4746537
0.8298,28.4673,-27.637500000000003,1659984686.0486672
3.5795,27.3726,-23.7931,1659984687.8047104
5.4846,12.9678,-7.4832,1659984690.1389658
13.2696,4.4323,8.8373,1659984691.7469888
10.1256,8.4673,1.6583000000000006,1659984693.3130162
15.1512,4.5608,10.590399999999999,1659984694.8730495
12.9917,6.3241,6.6676,1659984696.4189467
4.7782,11.5176,-6.7394,1659984697.9891765
10.9225,3.7769,7.1456,1659984699.545803
8.9066,8.1265,0.7800999999999991,1659984701.122397
3.0122,14.6539,-11.6417,1659984702.7210515
0.5845,25.3515,-24.767000000000003,1659984704.3487897
0.3763,15.7681,-15.3918,1659984705.913734
2.2259,24.8057,-22.579800000000002,1659984707.463598
0.2932,30.3434,-30.0502,1659984709.5441592
6.8506,18.755,-11.904399999999999,1659984711.1656613
5.2664,18.7575,-13.4911,1659984712.9231875
32.3421,3.971,28.371100000000002,1659984714.4956927
29.2506,5.251,23.999599999999997,1659984716.0572476
29.1254,3.3389,25.7865,1659984717.6339223
21.7909,3.4325,18.3584,1659984719.714815
21.9607,6.6189,15.3418,1659984721.2488465
9.9072,10.4554,-0.5481999999999996,1659984722.8363976
0.3786,20.9142,-20.535600000000002,1659984724.4225945
0.9053,14.963,-14.057699999999999,1659984726.0029426
8.2612,13.4808,-5.2196,1659984727.5759125
15.2822,9.704,5.578199999999999,1659984729.147498
7.9525,8.609,-0.6565000000000003,1659984730.7384663
2.8296,15.6412,-12.811599999999999,1659984733.0768745
4.4219,40.1285,-35.7066,1659984734.650164
1.2747,35.4671,-34.1924,1659984736.4818692
6.2147,28.8293,-22.6146,1659984738.098406
27.7761,1.1042,26.6719,1659984739.6767912
10.5525,5.1459,5.4066,1659984741.2285295
10.7666,3.8192,6.9474,1659984742.8025386
4.4975,1.0992,3.3983,1659984744.3869462
29.4437,1.74,27.7037,1659984745.9643366
2.0802,14.8769,-12.7967,1659984747.5544748
1.4001,13.6937,-12.2936,1659984749.1494057
4.6963,13.9921,-9.2958,1659984750.7225459
1.1451,17.1342,-15.9891,1659984752.285516
12.0354,10.9891,1.0462999999999987,1659984753.8174624
1.0015,14.4681,-13.4666,1659984755.39029
0.1457,25.4774,-25.331699999999998,1659984757.5033236
3.2192,53.5327,-50.3135,1659984759.0822172
0.6095,33.3851,-32.775600000000004,1659984760.6832216
6.1293,10.2846,-4.1552999999999995,1659984762.5041673
16.9117,1.7268,15.184899999999999,1659984764.064115
15.7921,3.2167,12.5754,1659984765.662394
4.915,26.178,-21.263,1659984767.2121036
2.8053,14.155,-11.349699999999999,1659984768.7791235
5.1231,9.5517,-4.4286,1659984770.3711555
7.0116,9.6355,-2.623900000000001,1659984771.913764
5.8982,10.0485,-4.1503000000000005,1659984773.4980588
23.0605,2.1073,20.953200000000002,1659984775.2656655
23.9167,4.9677,18.948999999999998,1659984776.8377151
22.8088,5.5267,17.2821,1659984778.4245536
10.1804,12.0039,-1.8234999999999992,1659984780.0009665
1.6183,23.6124,-21.9941,1659984781.7010825
3.4277,18.7552,-15.327499999999999,1659984783.2751825
8.3771,7.6951,0.6820000000000004,1659984784.8671384
54.4239,1.7154,52.7085,1659984786.4605725
3.3629,19.5157,-16.1528,1659984788.0298822
0.429,22.2656,-21.8366,1659984789.7138033
0.8905,43.5257,-42.6352,1659984791.3063593
11.4936,11.6702,-0.17659999999999876,1659984792.929919
0.4941,10.8739,-10.379800000000001,1659984794.537184
0.8928,24.95,-24.057199999999998,1659984796.1329045
1.5638,22.3763,-20.8125,1659984797.7004008
23.0034,5.7816,17.221799999999998,1659984799.4799333
5.0368,10.9835,-5.946699999999999,1659984801.3005226
6.5004,9.6637,-3.1633000000000004,1659984802.8855
18.3528,6.0034,12.3494,1659984804.4343379
18.7912,2.7872,16.004,1659984806.0494623
15.7533,0.3558,15.397499999999999,1659984807.6687932
11.5043,10.6046,0.899700000000001,1659984809.2267323
5.2674,12.4518,-7.1844,1659984810.8295271
12.5395,5.5122,7.0273,1659984812.3943684
3.4386,9.7895,-6.3509,1659984813.9676793
1.9856,28.0053,-26.019699999999997,1659984815.5843213
15.5425,2.989,12.5535,1659984817.1267729
12.3433,4.7045,7.638799999999999,1659984818.7671452
17.1563,5.5361,11.6202,1659984820.3167915
13.6638,5.9484,7.7154,1659984821.9518895
17.1694,2.777,14.392399999999999,1659984823.5069685
17.6447,2.0442,15.6005,1659984825.0562973
9.9248,11.648,-1.7232000000000003,1659984826.6668005
17.19,3.0098,14.180200000000001,1659984828.3812237
40.4096,1.6211,38.7885,1659984829.950567
44.9691,2.0356,42.933499999999995,1659984832.0523636
27.5779,7.8456,19.7323,1659984833.6361938
18.1221,8.246,9.8761,1659984835.4565146
19.5816,3.6327,15.948900000000002,1659984837.6059113
22.2176,3.0387,19.178900000000002,1659984839.1846054
13.9231,9.5092,4.4139,1659984840.7741005
16.3673,7.5406,8.826699999999999,1659984842.3747087
15.4916,4.47,11.0216,1659984843.942783
15.4875,2.6741,12.813400000000001,1659984845.5722823
15.4867,6.2149,9.2718,1659984847.133409
14.1506,5.938,8.212600000000002,1659984849.230368
8.7922,10.837,-2.0448000000000004,1659984850.986647
5.0718,14.3489,-9.2771,1659984852.6095786
2.7325,22.9362,-20.203699999999998,1659984854.1887732
5.6554,20.0913,-14.4359,1659984855.7778432
2.7469,18.0988,-15.3519,1659984857.4120264
2.6128,19.1416,-16.5288,1659984858.989613
1.0693,38.7981,-37.7288,1659984860.5737257
0.7074,56.0828,-55.3754,1659984862.1037698
9.107,34.7214,-25.614400000000003,1659984863.7012737
5.859,38.635,-32.775999999999996,1659984866.0002043
15.8311,4.5749,11.2562,1659984867.596153
23.1803,0.8384,22.3419,1659984869.2057033
12.7989,0.3658,12.4331,1659984870.782232
4.6663,9.5699,-4.903600000000001,1659984872.359407
7.3625,25.077,-17.7145,1659984874.184174
26.2229,4.5117,21.711199999999998,1659984875.7828534
20.8494,5.2431,15.6063,1659984877.3410602
20.9864,11.489,9.497399999999999,1659984878.9509501
24.1354,7.2335,16.9019,1659984880.4997516
22.5923,5.7833,16.809,1659984882.0821855
23.0918,20.9112,2.1805999999999983,1659984883.7507002
23.4662,16.5971,6.8690999999999995,1659984885.332042
21.4988,35.0615,-13.562700000000003,1659984887.00451
22.0589,36.1915,-14.132599999999996,1659984888.7370415
0.0033,2.7875,-2.7842000000000002,1659984890.2989814
0.5804,62.5076,-61.9272,1659984892.1565192
10.7213,12.7226,-2.0013000000000005,1659984893.7309947
15.4759,6.9456,8.5303,1659984895.3041651
15.6402,11.8378,3.8024000000000004,1659984896.9068923
15.6391,10.8565,4.782599999999999,1659984898.4348416
8.032,19.3161,-11.284099999999999,1659984900.008917
5.3286,23.021,-17.6924,1659984901.8825755
10.5929,2.5143,8.0786,1659984903.49687
33.4359,6.5202,26.915699999999998,1659984905.6016119
7.8162,18.0205,-10.204299999999998,1659984907.7058403
10.0939,19.6946,-9.600700000000002,1659984909.2917104
15.8887,7.0179,8.8708,1659984910.8531663
17.4206,4.8364,12.5842,1659984912.419638
1.5703,30.4668,-28.8965,1659984915.631815
3.8531,21.7187,-17.865599999999997,1659984917.2140992
11.7804,2.2461,9.5343,1659984918.7847207
20.626,0.1203,20.5057,1659984921.1349485
29.143,0.1387,29.0043,1659984922.7027214
1.2152,43.9744,-42.7592,1659984924.2724726
0.322,36.9156,-36.593599999999995,1659984925.8580973
0.3268,42.5911,-42.2643,1659984927.4088573
0.3267,45.5842,-45.2575,1659984928.9501002
0.3205,44.1319,-43.8114,1659984931.0259025
25.5001,0.243,25.2571,1659984932.5942278
27.4962,1.7297,25.7665,1659984934.3443565
22.0044,9.7259,12.278500000000001,1659984936.00981
16.0223,10.787,5.2353000000000005,1659984938.157931
16.9406,8.9495,7.991099999999999,1659984939.7356267
16.4961,12.1965,4.299599999999998,1659984941.2993162
15.6916,8.2628,7.428799999999999,1659984943.239533
0.0625,41.8469,-41.7844,1659984944.878582
8.4191,25.1721,-16.753,1659984946.441672
6.4068,5.5193,0.8874999999999993,1659984948.0385175
7.5274,11.9287,-4.401299999999999,1659984950.1649215
7.8417,10.7331,-2.8914,1659984951.7507582
8.4364,9.5322,-1.0957999999999988,1659984953.3106756
5.1653,10.9322,-5.7669,1659984955.178435
7.5162,10.5161,-2.9998999999999993,1659984956.796194
1.827,2.0,-0.17300000000000004,1659984958.3292494
5.7981,13.0441,-7.246,1659984959.9024312
8.2879,8.9615,-0.6735999999999986,1659984961.4795144
9.7232,2.1055,7.6177,1659984963.404092
5.225,3.3887,1.8362999999999996,1659984964.9693422
12.7266,10.719,2.0076,1659984966.5361156
8.0405,12.3541,-4.313600000000001,1659984968.152317
15.6469,2.3284,13.3185,1659984969.7241616
15.7936,5.8718,9.9218,1659984971.3171942
4.4711,20.4636,-15.9925,1659984972.8659875
4.4679,23.7195,-19.2516,1659984974.4322717
3.5733,21.5444,-17.9711,1659984976.014938
1.5894,0.2,1.3894,1659984977.5772674
17.7236,2.0412,15.682400000000001,1659984979.2273734
18.9185,1.9363,16.982200000000002,1659984980.7802172
6.8049,12.302,-5.4971,1659984982.3481975
0.4599,14.734,-14.2741,1659984984.1832526
4.7013,24.9605,-20.2592,1659984985.9755595
17.0935,4.0844,13.0091,1659984987.6970544
5.8599,4.6383,1.2215999999999996,1659984989.2551336
4.914,10.8276,-5.913600000000001,1659984990.869117
3.7955,42.5299,-38.7344,1659984992.4412203
4.6034,22.5535,-17.9501,1659984994.0480964
2.8215,26.1691,-23.3476,1659984995.6320505
17.6276,0.579,17.0486,1659984997.5341082
0.074,14.3549,-14.2809,1659984999.1076856
1.428,39.6459,-38.2179,1659985001.226202
0.2125,41.076,-40.8635,1659985002.797633
7.7614,11.1292,-3.367800000000001,1659985004.3364823
16.7566,2.9158,13.840799999999998,1659985006.4180212
23.3205,0.4837,22.8368,1659985008.541433
24.0458,1.5749,22.4709,1659985010.6771245
23.8781,0.2941,23.584,1659985012.2725523
19.3031,6.9807,12.322400000000002,1659985013.8467298
10.4789,9.5503,0.9285999999999994,1659985015.4104462
12.0336,4.9388,7.0948,1659985016.9801216
13.912,10.3173,3.5947000000000013,1659985018.7864597
12.3771,9.5457,2.8314000000000004,1659985020.4466178
7.5209,14.8286,-7.3077,1659985022.0098734
22.4176,3.1856,19.232,1659985024.1230068
22.6958,1.9653,20.7305,1659985025.668467
11.372,5.7297,5.6423,1659985027.2441368
11.5483,9.692,1.8562999999999992,1659985028.806037
6.6257,21.2503,-14.6246,1659985030.3596437
9.6801,16.4453,-6.7652,1659985031.9231868
15.6891,1.4802,14.2089,1659985033.5577455
40.6784,1.6567,39.0217,1659985035.241222
40.445,1.2951,39.1499,1659985036.8834603
13.8852,3.4984,10.3868,1659985038.4892583
0.276,20.8817,-20.6057,1659985040.0718858
1.5472,46.7072,-45.160000000000004,1659985041.6324055
2.1837,39.0222,-36.838499999999996,1659985043.1901214
2.2182,39.2176,-36.999399999999994,1659985044.757977
7.3361,16.4052,-9.0691,1659985046.3552957
12.5562,6.2704,6.2858,1659985048.6586163
11.5117,7.97,3.5416999999999996,1659985050.237803
37.1242,0.3699,36.7543,1659985052.5196083
26.559,9.2094,17.349600000000002,1659985054.0847852
32.9538,5.9707,26.9831,1659985056.0279698
30.5742,2.4652,28.109,1659985057.619385
31.9629,3.7994,28.163500000000003,1659985059.194443
37.9919,7.9125,30.0794,1659985060.7945218
32.5444,10.5808,21.963600000000003,1659985062.38699
6.6075,27.5755,-20.968000000000004,1659985063.9878604
9.4385,23.865,-14.426499999999999,1659985065.6574578
16.8226,9.1266,7.6960000000000015,1659985067.2243767
0.9448,16.2041,-15.2593,1659985068.7866814
2.3263,21.0566,-18.7303,1659985070.564166
5.567,22.3374,-16.7704,1659985072.2274618
6.0482,20.1519,-14.103700000000002,1659985073.771538
3.6247,20.9878,-17.3631,1659985075.3397524
1.4403,22.1191,-20.6788,1659985076.9118853
25.7198,0.2314,25.4884,1659985078.5095117
19.5251,7.3933,12.131799999999998,1659985080.0591674
2.1527,14.387,-12.234300000000001,1659985081.8924453
9.1798,14.0878,-4.9079999999999995,1659985083.5611544
0.3481,17.7436,-17.395500000000002,1659985085.1842737
1.3736,37.4099,-36.0363,1659985086.7284157
20.1813,0.1369,20.0444,1659985088.300866
8.1814,15.3219,-7.140499999999999,1659985089.8895602
17.2632,2.3414,14.921800000000001,1659985091.5810385
17.271,1.4798,15.7912,1659985093.2408788
15.7163,13.3609,2.3553999999999995,1659985094.7994316
5.6448,18.8766,-13.2318,1659985096.359488
2.4859,30.3837,-27.8978,1659985098.4672372
5.2057,42.307,-37.1013,1659985100.0110784
0.5948,33.4703,-32.8755,1659985101.6402724
7.0888,30.5183,-23.4295,1659985103.1923203
0.1563,34.4527,-34.2964,1659985104.7758718
0.3667,35.2885,-34.9218,1659985106.3075771
15.2642,6.1838,9.080400000000001,1659985107.8705242
8.088,1.4534,6.634599999999999,1659985110.0265763
16.223,3.7883,12.4347,1659985111.5911052
22.142,0.0691,22.0729,1659985113.1370127
15.3887,1.9241,13.4646,1659985114.6955984
13.6815,9.2887,4.392799999999999,1659985116.2766035
13.3066,6.0387,7.267899999999999,1659985118.0493684
12.4579,14.6536,-2.1957000000000004,1659985119.8225636
3.8756,30.8093,-26.9337,1659985121.914148
6.3307,20.7708,-14.440100000000001,1659985123.4999328
20.2272,1.4612,18.766,1659985125.067442
17.7588,0.7657,16.993100000000002,1659985126.6538036
18.606,6.9773,11.628700000000002,1659985128.2192743
18.5577,2.2583,16.2994,1659985129.8781042
14.971,0.3254,14.6456,1659985131.493417
0.6826,35.7064,-35.0238,1659985133.1256406
2.6553,29.8194,-27.1641,1659985134.705899
2.2454,34.7568,-32.511399999999995,1659985136.2653124
0.3987,33.4254,-33.026700000000005,1659985137.8410826
8.0268,21.6895,-13.6627,1659985139.4220452
2.5019,41.854,-39.3521,1659985141.038977
0.3109,0.5,-0.1891,1659985142.6488051
6.3667,14.7021,-8.3354,1659985145.1712947
13.5243,6.9752,6.5491,1659985146.7888646
19.4828,8.2912,11.191600000000001,1659985148.336666
10.0858,10.6683,-0.5824999999999996,1659985150.4349182
2.2706,16.7638,-14.4932,1659985152.0205915
3.4886,16.7643,-13.275699999999999,1659985153.5822525
2.104,22.0959,-19.9919,1659985155.1452644
0.2827,8.4171,-8.1344,1659985157.5027125
27.7379,1.2808,26.4571,1659985159.058806
29.1926,1.0039,28.188699999999997,1659985160.7339659
26.7148,7.6686,19.0462,1659985162.8373957
25.486,8.7192,16.7668,1659985164.4442415
6.5233,16.3876,-9.8643,1659985166.0038764
1.779,18.1888,-16.4098,1659985167.5635984
0.102,36.8191,-36.7171,1659985169.1903412
0.932,29.281,-28.349,1659985170.7302608
0.5463,26.444,-25.8977,1659985172.2885983
0.9325,28.3639,-27.4314,1659985174.3836546
0.3221,28.8394,-28.517300000000002,1659985175.985575
0.1795,49.859,-49.679500000000004,1659985177.543404
0.2169,11.6051,-11.3882,1659985179.1115139
1.1422,40.0106,-38.868399999999994,1659985180.8851786
2.1289,32.3144,-30.185499999999998,1659985182.8257008
4.1328,17.6843,-13.5515,1659985184.498913
15.7801,2.3004,13.4797,1659985186.066224
33.7487,0.633,33.1157,1659985187.6156273
26.5362,1.2532,25.283,1659985189.1389813
27.5277,5.8941,21.6336,1659985190.698636
23.1326,9.9918,13.1408,1659985192.3083458
28.6937,6.7859,21.9078,1659985193.8634295
28.6061,9.2927,19.3134,1659985195.442747
13.3186,16.9739,-3.6553000000000004,1659985197.0060277
12.1152,20.1142,-7.9990000000000006,1659985198.5874023
11.1607,18.8032,-7.6425,1659985200.1364038
9.4159,28.3799,-18.964,1659985201.7393522
2.8373,34.2437,-31.406399999999998,1659985203.3434842
10.2995,7.2177,3.0818000000000003,1659985204.9204686
7.8543,7.1572,0.6971000000000007,1659985206.696324
5.9869,16.3809,-10.394,1659985208.280298
4.036,42.4917,-38.4557,1659985209.8887227
5.7343,37.1328,-31.398500000000002,1659985211.445342
4.771,40.0765,-35.3055,1659985213.0672233
7.1563,36.4233,-29.266999999999996,1659985214.6567123
22.4879,2.0456,20.4423,1659985216.2831886
7.9682,14.3923,-6.4241,1659985218.8421614
8.0287,17.8566,-9.8279,1659985220.689802
24.536,0.1374,24.398600000000002,1659985222.5458763
15.3671,13.6695,1.6976000000000013,1659985224.1549723
23.1074,2.7278,20.3796,1659985226.286297
24.457,6.5301,17.9269,1659985227.8551438
13.0216,14.2835,-1.2619000000000007,1659985229.4126737
21.4131,9.529,11.8841,1659985231.5337715
7.1435,26.2161,-19.0726,1659985233.1703086
17.3527,9.049,8.3037,1659985234.7520905
25.7653,1.9314,23.8339,1659985236.3183389
27.2331,6.1708,21.0623,1659985237.9069886
27.864,8.4351,19.4289,1659985239.5226574
7.1716,26.0976,-18.926000000000002,1659985241.1723812
16.1848,8.003,8.181799999999999,1659985242.7560158
5.3185,11.6132,-6.294700000000001,1659985244.3483903
1.3728,25.9825,-24.6097,1659985245.9259892
3.1712,26.0876,-22.9164,1659985248.2845812
1.7247,25.391,-23.6663,1659985249.9067962
3.6589,24.0429,-20.384,1659985251.5299637
7.8468,22.7508,-14.904000000000002,1659985253.1072164
12.8266,10.3586,2.468,1659985254.872681
12.7205,11.4932,1.2272999999999996,1659985256.4712245
13.5621,10.9543,2.6077999999999992,1659985258.0556998
7.2093,15.3706,-8.1613,1659985259.6661534
0.386,23.0816,-22.695600000000002,1659985261.2208786
2.9498,32.0611,-29.111300000000004,1659985263.387771
6.2388,32.143,-25.9042,1659985264.959762
10.467,15.1827,-4.7157,1659985266.5277195
0.1632,29.7028,-29.5396,1659985268.2016547
0.5282,33.2436,-32.7154,1659985269.7840567
1.5459,19.8686,-18.3227,1659985272.1007793
2.8584,19.3833,-16.5249,1659985273.748158
3.4386,19.3223,-15.883699999999997,1659985275.306433
0.1986,49.9343,-49.7357,1659985276.8661633
2.462,38.6633,-36.201299999999996,1659985278.9712665
3.6019,31.6941,-28.0922,1659985281.284108
0.1523,35.0057,-34.8534,1659985282.8494267
0.0312,35.4444,-35.4132,1659985285.030183
0.1079,37.3393,-37.2314,1659985286.575568
20.0316,7.9507,12.0809,1659985288.1886134
28.7028,0.7445,27.9583,1659985290.3422499
6.9284,17.9732,-11.044799999999999,1659985291.9172199
7.3239,15.8482,-8.5243,1659985293.5428007
3.1364,18.8002,-15.6638,1659985295.1269307
5.162,25.5452,-20.383200000000002,1659985296.670759
21.2519,5.531,15.7209,1659985298.7879248
27.4725,2.2092,25.2633,1659985300.3717687
35.6467,0.4938,35.1529,1659985302.0908334
6.0039,14.3995,-8.3956,1659985303.6404004
2.1611,46.0262,-43.865100000000005,1659985305.2353628
2.2823,33.6541,-31.3718,1659985306.8321025
14.9576,10.5656,4.3919999999999995,1659985308.391082
11.9014,13.2432,-1.3417999999999992,1659985309.9623024
17.4841,17.2325,0.2515999999999998,1659985312.087476
26.765,5.1461,21.6189,1659985313.6612818
12.0335,12.2499,-0.21640000000000015,1659985315.2510815
16.9284,6.9089,10.0195,1659985316.827302
19.8627,6.2993,13.563400000000001,1659985318.3985567
17.4166,9.1432,8.273399999999999,1659985320.4168947
13.5028,9.711,3.7918000000000003,1659985321.996342
16.5526,9.5036,7.049000000000001,1659985323.9035532
0.6389,24.1252,-23.4863,1659985326.037932
3.7661,22.2481,-18.482,1659985327.6553504
12.15,13.9127,-1.7626999999999988,1659985329.7326078
5.1966,18.4075,-13.210899999999999,1659985331.3000522
13.3889,11.6438,1.745099999999999,1659985332.877517
12.8259,8.5044,4.3215,1659985334.5761802
18.3748,0.3758,17.999,1659985336.3999076
15.749,12.8368,2.9122000000000003,1659985337.9750679
7.2974,17.4687,-10.171299999999999,1659985339.550417
5.9312,15.7231,-9.791900000000002,1659985341.1820433
7.0221,17.2477,-10.225599999999998,1659985342.755078
15.3343,15.5741,-0.2397999999999989,1659985344.3399937
0.616,45.0645,-44.4485,1659985346.4637892
1.2775,37.3935,-36.116,1659985348.031418
13.0728,5.0004,8.072400000000002,1659985350.1298804
29.534,3.7954,25.738599999999998,1659985351.7301035
23.5619,3.0904,20.471500000000002,1659985353.2832282
24.7318,1.8309,22.9009,1659985355.0843663
29.0406,3.1786,25.862000000000002,1659985356.643854
17.9438,11.4111,6.5327,1659985358.1990204
21.3598,2.643,18.7168,1659985359.750155
2.4847,19.8454,-17.3607,1659985361.35678
1.649,19.0233,-17.374299999999998,1659985362.9268045
5.6773,14.3616,-8.6843,1659985364.5024612
2.6027,18.5145,-15.911800000000001,1659985366.1809547
0.5535,0.0699,0.4836,1659985367.7239141
0.015,40.8811,-40.8661,1659985369.3239772
1.4674,30.6188,-29.1514,1659985370.8930562
0.3449,34.2996,-33.954699999999995,1659985373.0196903
2.7864,31.2664,-28.48,1659985374.7189596
11.1404,1.1104,10.03,1659985376.2736633
26.2693,1.28,24.9893,1659985377.8447785
23.7027,5.832,17.8707,1659985379.3943076
22.3469,6.4127,15.9342,1659985381.126812
12.8157,8.465,4.3507,1659985382.7098129
12.8329,8.6076,4.225300000000001,1659985384.2613814
6.604,0.001,6.603,1659985385.8506665
23.4108,13.146,10.264799999999997,1659985387.422609
26.7191,12.5468,14.172300000000002,1659985389.0606563
27.0005,13.5852,13.415299999999998,1659985390.6758246
2.3777,31.2079,-28.830199999999998,1659985392.242902
2.1622,32.9977,-30.835500000000003,1659985394.3404703
4.3304,18.2081,-13.8777,1659985396.4308488
14.0582,9.0917,4.9665,1659985398.4743564
29.9168,1.425,28.491799999999998,1659985400.0413277
5.237,13.0465,-7.8095,1659985401.6778479
5.8463,16.9011,-11.0548,1659985403.2632077
4.5663,17.4491,-12.882800000000001,1659985404.8171325
8.1124,13.2032,-5.0908000000000015,1659985406.472041
15.1336,9.3017,5.831899999999999,1659985408.0538669
18.304,2.5375,15.766499999999999,1659985409.618206
22.7873,6.5822,16.205099999999998,1659985411.1670408
18.5873,12.4694,6.117899999999999,1659985412.722974
6.1851,18.4608,-12.275699999999999,1659985414.8461084
0.4153,20.4419,-20.026600000000002,1659985417.1123657
3.3027,35.6686,-32.365899999999996,1659985418.7441595
1.3714,35.3003,-33.9289,1659985420.316043
18.4114,0.4721,17.9393,1659985421.9562507
24.4475,0.0518,24.3957,1659985423.5229023
2.2492,0.6,1.6492,1659985425.134039
17.9916,11.2315,6.760099999999998,1659985426.7408197
7.1816,15.2735,-8.091899999999999,1659985428.2823224
0.5283,23.5554,-23.027099999999997,1659985430.056351
0.4275,54.3624,-53.9349,1659985431.5933983
0.2263,60.9852,-60.7589,1659985433.1672122
1.2166,53.299,-52.0824,1659985434.749113
0.2232,41.0266,-40.8034,1659985436.416438
1.2223,43.4902,-42.267900000000004,1659985437.988664
7.3766,14.7688,-7.392200000000001,1659985439.5735028
31.8272,1.153,30.674200000000003,1659985441.161296
0.3998,20.2648,-19.865000000000002,1659985442.8331506
1.9982,30.632,-28.6338,1659985444.657297
8.4959,14.0386,-5.5427,1659985446.442286
7.267,18.4032,-11.136199999999999,1659985448.090318
1.5949,20.8242,-19.229300000000002,1659985449.6556847
0.7092,27.1844,-26.4752,1659985451.2859082
0.708,28.5802,-27.872200000000003,1659985452.8740644
0.7083,29.1401,-28.4318,1659985454.5592837
3.7452,60.4524,-56.7072,1659985456.1259544
3.4939,61.4952,-58.0013,1659985457.7098627
3.6979,17.5688,-13.870899999999999,1659985459.264134
7.0525,16.8476,-9.7951,1659985460.8319423
16.5925,0.0635,16.529,1659985462.597932
2.1794,25.062,-22.8826,1659985464.1543162
4.0178,21.9821,-17.964299999999998,1659985465.7683074
15.5686,2.7689,12.7997,1659985467.3502715
19.2239,3.1842,16.0397,1659985468.9021077
20.5668,8.5002,12.066600000000001,1659985470.4806864
0.158,19.4564,-19.298399999999997,1659985472.0542784
0.2941,20.7897,-20.4956,1659985473.6259024
5.416,21.3293,-15.9133,1659985475.2583241
8.4391,12.4781,-4.039,1659985476.8077385
7.865,14.0066,-6.1416,1659985478.4555278
5.922,15.6977,-9.7757,1659985480.0010414
6.5276,16.0508,-9.5232,1659985481.6155868
7.1004,15.8508,-8.750399999999999,1659985483.1708388
0.6593,57.4645,-56.8052,1659985484.7354302
0.9603,56.6425,-55.6822,1659985486.3276913
0.6863,50.8118,-50.125499999999995,1659985487.945647
1.9743,45.383,-43.4087,1659985489.5092585
1.3285,46.4299,-45.101400000000005,1659985491.2554755
0.9209,47.232,-46.311099999999996,1659985492.817192
0.1159,54.8841,-54.76819999999999,1659985494.4069955
0.5618,52.4698,-51.908,1659985495.9808009
0.5618,53.8601,-53.298300000000005,1659985497.5506835
0.3388,57.3295,-56.990700000000004,1659985499.1320019
0.3205,57.6454,-57.3249,1659985500.7281375
0.3234,56.9409,-56.6175,1659985502.3666098
16.2232,6.5936,9.629599999999998,1659985503.9543009
16.4274,9.8345,6.592899999999998,1659985505.5285673
17.3538,7.6325,9.7213,1659985507.1312187
17.4285,9.0354,8.3931,1659985509.112294
24.6379,5.7756,18.862299999999998,1659985510.6790333
22.8932,9.2028,13.6904,1659985512.2678742
40.7784,1.3182,39.4602,1659985513.8613482
18.3229,23.8417,-5.518799999999999,1659985515.6669123
0.5818,25.3164,-24.7346,1659985517.7861948
0.4609,41.9557,-41.4948,1659985519.3553443
0.5531,47.1814,-46.628299999999996,1659985520.9282422
0.5541,47.7676,-47.2135,1659985522.5321083
0.6985,48.6021,-47.9036,1659985524.3612862
2.186,46.7315,-44.5455,1659985525.9192328
10.1704,7.6635,2.506900000000001,1659985527.4782214
2.202,0.0811,2.1209,1659985529.0439212
28.2165,6.0774,22.1391,1659985530.6103706
15.7248,11.5968,4.128,1659985532.196226
9.7675,12.7813,-3.0138,1659985533.8322396
12.0983,10.9848,1.1135000000000002,1659985535.4642215
16.1288,4.3372,11.791599999999999,1659985537.0356102
15.8875,7.3825,8.504999999999999,1659985538.616214
12.0626,10.4004,1.6622000000000003,1659985540.1691825
11.9255,9.7525,2.173,1659985541.7171335
11.922,9.3876,2.5343999999999998,1659985543.2989855
0.187,24.318,-24.131,1659985544.8797603
0.2081,45.9168,-45.7087,1659985546.4730442
0.0017,44.605,-44.6033,1659985548.066601
0.0017,45.297,-45.2953,1659985549.6681843
0.8369,42.8014,-41.9645,1659985551.8342028
3.6711,36.774,-33.1029,1659985553.649528
5.899,12.1544,-6.255400000000001,1659985555.214914
6.3436,11.3658,-5.0222,1659985556.770069
7.4701,12.4828,-5.012699999999999,1659985558.3339934
7.9001,12.4267,-4.5266,1659985559.9654171
4.4363,13.4558,-9.0195,1659985561.5164087
4.5821,12.0465,-7.4644,1659985563.1112442
3.6973,12.5488,-8.8515,1659985564.729606
2.9948,13.6577,-10.6629,1659985566.3251898
2.9498,13.9293,-10.9795,1659985567.9248347
0.4178,19.7832,-19.3654,1659985569.4662144
0.0161,52.2999,-52.2838,1659985571.033713
11.1833,23.884,-12.700700000000001,1659985573.1151848
27.1636,5.1929,21.9707,1659985574.6766932
21.7035,8.0337,13.669799999999999,1659985576.231361
14.343,9.4342,4.908799999999999,1659985578.4744804
1.5854,16.4734,-14.888000000000002,1659985580.0297701
1.3074,42.6585,-41.351099999999995,1659985581.5821826
2.6578,34.323,-31.6652,1659985583.1316078
1.3553,41.0187,-39.6634,1659985585.0689683
37.1475,6.0429,31.1046,1659985586.7978015
20.0571,0.9847,19.0724,1659985588.348171
34.9339,1.1046,33.8293,1659985589.9851708
24.4435,1.7738,22.6697,1659985591.5406575
27.4751,3.5689,23.906200000000002,1659985593.1114821
35.924,0.7825,35.1415,1659985594.6930118
15.1342,0.7909,14.3433,1659985596.2920856
35.5423,6.4218,29.120499999999996,1659985597.852213
3.3782,12.0705,-8.6923,1659985599.4234805
0.8318,16.8915,-16.0597,1659985601.1906135
0.1637,46.0576,-45.8939,1659985603.279105
0.5815,46.4904,-45.9089,1659985604.8400626
0.1665,47.0914,-46.9249,1659985606.4203494
3.3778,45.0424,-41.6646,1659985607.9642072
1.4466,45.7607,-44.314099999999996,1659985609.5296147
0.1354,45.8704,-45.735,1659985611.1142676
2.2106,23.7687,-21.5581,1659985612.6730034
2.7201,22.8079,-20.0878,1659985614.2594786
5.1105,18.7132,-13.6027,1659985615.8451607
1.7763,22.0921,-20.3158,1659985617.406809
0.9425,28.874,-27.9315,1659985618.9803958
1.5291,28.877,-27.3479,1659985620.8339694
2.4891,27.2702,-24.7811,1659985622.3958023
1.7811,6.7251,-4.944000000000001,1659985623.961049
0.6982,58.629,-57.9308,1659985625.5065033
2.274,66.0348,-63.7608,1659985627.595197
13.4057,3.4826,9.9231,1659985629.7135966
25.9199,4.2155,21.7044,1659985631.2849038
25.0137,0.0062,25.0075,1659985632.8907342
17.6218,7.31,10.311800000000002,1659985634.4570358
22.1589,7.3143,14.8446,1659985636.0341144
6.8531,14.6922,-7.839099999999999,1659985637.6397645
0.6231,24.107,-23.4839,1659985639.324134
0.5973,19.925,-19.3277,1659985641.1154304
2.0933,32.9721,-30.8788,1659985642.6774285
3.1117,32.6072,-29.4955,1659985644.2407885
3.0769,33.5103,-30.4334,1659985645.7887158
33.071,3.3634,29.7076,1659985647.3286808
21.55,7.8413,13.7087,1659985648.8865283
21.6796,6.0423,15.6373,1659985650.4502718
3.1637,12.4026,-9.2389,1659985652.052914
1.5551,21.6247,-20.0696,1659985654.0145323
1.6062,22.6799,-21.0737,1659985655.6707144
1.6047,24.1338,-22.5291,1659985658.0390635
0.3013,24.2316,-23.9303,1659985659.5797687
1.2109,41.3403,-40.1294,1659985661.1331263
1.4342,40.8364,-39.4022,1659985662.6787016
0.1575,39.4745,-39.317,1659985664.2446897
3.1186,39.3473,-36.228699999999996,1659985665.8049424
1.58,36.7783,-35.1983,1659985667.359907
0.6747,37.3867,-36.711999999999996,1659985668.938183
0.1012,42.6973,-42.5961,1659985670.4931543
4.8739,37.2273,-32.3534,1659985672.058242
0.1275,42.3873,-42.259800000000006,1659985673.6127782
0.0017,1.0497,-1.048,1659985675.191125
1.5145,49.8201,-48.3056,1659985676.763209
3.5356,47.5553,-44.0197,1659985678.3186214
4.2744,45.9386,-41.6642,1659985679.8798685
4.7121,43.451,-38.7389,1659985681.485569
2.9963,49.5153,-46.519000000000005,1659985683.0646858
5.5053,29.18,-23.6747,1659985684.619866
18.4165,4.9386,13.477899999999998,1659985686.379999
19.6721,5.6034,14.0687,1659985687.9710362
12.8628,12.909,-0.046200000000000685,1659985689.502391
17.102,1.9971,15.1049,1659985691.0745025
8.9387,13.3639,-4.4251999999999985,1659985692.6025226
0.1992,26.9381,-26.738899999999997,1659985694.1785696
1.4792,25.2216,-23.7424,1659985695.7479143
15.0783,6.8441,8.234200000000001,1659985697.3650851
10.2953,12.0068,-1.711500000000001,1659985698.912882
29.6835,4.8915,24.791999999999998,1659985700.456986
17.2237,10.3938,6.8299,1659985702.0319142
13.9898,11.7134,2.2764000000000006,1659985703.6281183
21.8539,2.9805,18.8734,1659985705.40128
17.7824,5.9958,11.7866,1659985707.009076
23.6492,5.1454,18.5038,1659985708.6078146
7.9625,16.3657,-8.4032,1659985710.2110717
0.2155,50.7479,-50.5324,1659985711.804068
2.1424,35.843,-33.7006,1659985713.4176672
25.2004,0.0428,25.1576,1659985714.9851968
22.3197,9.4081,12.911600000000002,1659985716.5300741
18.6905,9.0614,9.6291,1659985718.3054557
7.1902,15.9368,-8.7466,1659985719.8520753
6.5634,16.4329,-9.8695,1659985721.4502745
0.105,27.1335,-27.0285,1659985723.0052702
1.7071,34.5747,-32.8676,1659985725.1515868
0.0161,52.447,-52.4309,1659985726.921028
32.7257,4.9099,27.815800000000003,1659985728.4729962
19.8797,7.7414,12.138300000000001,1659985730.03306
20.6846,8.9904,11.6942,1659985731.5842793
19.0429,6.8855,12.157399999999999,1659985733.1487095
19.2311,7.992,11.2391,1659985734.7058043
5.4672,16.5194,-11.052200000000001,1659985736.2627819
3.3819,19.653,-16.271099999999997,1659985737.8450465
0.5964,23.8886,-23.2922,1659985739.4185705
0.7315,21.4862,-20.7547,1659985741.0149233
2.0115,21.6411,-19.629600000000003,1659985742.56015
2.0115,20.8623,-18.8508,1659985744.1105711
0.9145,22.7992,-21.8847,1659985745.6840622
5.7272,39.4332,-33.706,1659985747.2418897
0.021,52.0029,-51.981899999999996,1659985748.8504205
0.0594,16.4473,-16.3879,1659985750.4289439
2.2627,34.3867,-32.123999999999995,1659985751.9771342
0.1064,14.6468,-14.5404,1659985753.568117
0.0684,57.6827,-57.6143,1659985755.1815221
0.0084,61.763,-61.754599999999996,1659985756.7510428
0.8665,52.4656,-51.5991,1659985758.314092
2.5984,52.8351,-50.2367,1659985761.2038465
12.2477,18.1216,-5.873900000000001,1659985762.9128392
14.702,10.261,4.441000000000001,1659985765.0553916
33.9999,1.7166,32.2833,1659985766.6095328
32.3197,4.7464,27.573299999999996,1659985768.7605278
26.5778,3.0071,23.5707,1659985770.30383
25.7603,5.6638,20.0965,1659985771.889374
26.2843,5.0222,21.262100000000004,1659985773.4229102
21.4021,6.9406,14.461500000000001,1659985775.7050369
20.5808,15.1129,5.4679,1659985777.8028383
1.398,35.3169,-33.918899999999994,1659985780.1639876
1.1441,33.029,-31.884900000000002,1659985781.737056
1.1437,36.5909,-35.447199999999995,1659985783.3270242
2.5581,35.4819,-32.9238,1659985784.895874
15.5345,16.6253,-1.0907999999999998,1659985786.4550328
17.9816,8.6177,9.363900000000001,1659985788.5530534
18.5517,8.8195,9.7322,1659985790.192124
5.4335,18.3577,-12.9242,1659985791.9958806
1.5353,28.9862,-27.4509,1659985793.6610012
4.2035,27.6791,-23.4756,1659985795.2280505
4.2848,29.0523,-24.7675,1659985796.7783988
5.8275,23.6386,-17.8111,1659985798.3429997
16.4291,15.2719,1.1571999999999978,1659985800.4932437
16.6291,9.9859,6.6432,1659985802.0944521
12.6786,14.0228,-1.3442000000000007,1659985803.6675267
2.8253,25.3217,-22.4964,1659985805.2341814
14.0606,8.501,5.559600000000001,1659985806.7995875
4.8071,18.0352,-13.2281,1659985808.4343808
5.5244,18.0352,-12.5108,1659985809.9853227
0.814,6.774,-5.96,1659985811.594986
8.1079,6.2175,1.8904000000000005,1659985813.1511707
14.1337,2.0839,12.0498,1659985814.695985
6.3186,12.3674,-6.0488,1659985816.2842278
2.6065,9.9562,-7.3497,1659985817.8546045
2.7659,13.2349,-10.469,1659985819.961893
3.6136,15.044,-11.4304,1659985822.314445
5.8963,27.961,-22.0647,1659985823.8749135
7.0139,20.7683,-13.7544,1659985825.4279826
6.1501,20.2283,-14.0782,1659985826.9970837
10.408,22.3499,-11.941900000000002,1659985828.5739033
8.0396,21.5232,-13.4836,1659985830.1698413
8.2992,27.7833,-19.484099999999998,1659985832.2706716
0.0003,6.11,-6.1097,1659985833.876771
1.3022,44.8713,-43.5691,1659985835.4809675
1.815,42.8166,-41.0016,1659985837.0452936
1.2584,44.7357,-43.4773,1659985838.6114419
0.3856,45.4729,-45.087300000000006,1659985840.1724823
6.4121,30.6314,-24.2193,1659985842.2522898
48.4657,1.0018,47.463899999999995,1659985844.6063442
40.8063,5.6828,35.1235,1659985846.1652167
40.9928,0.698,40.2948,1659985848.4806006
38.336,6.5752,31.7608,1659985850.087161
37.7108,5.1395,32.5713,1659985851.638147
3.1799,16.0036,-12.823699999999999,1659985853.238945
9.5162,9.7975,-0.2812999999999999,1659985854.8748279
0.585,28.6139,-28.0289,1659985856.4293933
6.2628,19.483,-13.2202,1659985858.2099376
10.5168,17.4097,-6.892900000000001,1659985859.7501726
1.4023,30.9001,-29.497799999999998,1659985861.3313894
0.6235,18.3397,-17.7162,1659985862.897173
6.9373,29.4517,-22.5144,1659985864.4418523
0.7739,30.8604,-30.086499999999997,1659985866.0230963
4.2123,32.2494,-28.037100000000002,1659985867.6153526
3.3868,18.6128,-15.225999999999999,1659985869.1672294
7.4502,12.4094,-4.9592,1659985870.7443419
1.2812,15.5272,-14.246,1659985872.303927
3.5616,17.3812,-13.8196,1659985873.884718
8.0956,11.7664,-3.6708000000000016,1659985875.4588969
3.2262,14.7205,-11.494299999999999,1659985877.0390127
7.0606,8.7461,-1.6855000000000002,1659985878.5933123
1.4544,17.4746,-16.0202,1659985880.1642644
25.8594,1.5606,24.2988,1659985881.7177255
24.6564,4.6007,20.0557,1659985883.3058517
24.7974,2.2897,22.5077,1659985884.9347494
24.4104,7.45,16.9604,1659985886.5139391
9.1352,12.0868,-2.951600000000001,1659985888.6229236
6.454,12.9053,-6.451300000000001,1659985890.7117386
7.9497,12.2151,-4.2654,1659985892.2596195
3.9887,13.4021,-9.413400000000001,1659985893.8174415
10.0451,11.5237,-1.4786000000000001,1659985895.3647084
8.4706,12.7876,-4.317,1659985896.943734
9.9994,12.716,-2.7165999999999997,1659985898.5182104
13.4007,1.671,11.729700000000001,1659985900.0869155
18.6017,208.8861,-190.2844,1659985901.6495843
23.7709,204.1039,-180.333,1659985903.1898415
9.5687,205.8528,-196.2841,1659985904.7219129
0.6793,74.4413,-73.762,1659985906.4717689
0.1381,12.623,-12.4849,1659985908.025561
0.7177,41.0218,-40.3041,1659985909.6155381
0.8007,42.0016,-41.200900000000004,1659985911.178504
1.9199,38.6602,-36.740300000000005,1659985912.776903
17.165,4.6018,12.563199999999998,1659985914.8268673
36.5934,1.8339,34.7595,1659985916.4057634
32.9506,9.6621,23.2885,1659985917.96441
22.0828,8.6533,13.429499999999999,1659985919.543187
24.3268,5.3623,18.964499999999997,1659985921.1003253
34.758,187.2091,-152.4511,1659985922.6862044
41.4467,163.8167,-122.37,1659985924.3429508
41.5457,169.5947,-128.04899999999998,1659985926.1848524
3.556,171.4002,-167.8442,1659985927.7906008
3.6374,179.9717,-176.33429999999998,1659985929.3911026
7.4376,180.3871,-172.9495,1659985930.9780216
9.2323,174.7669,-165.53459999999998,1659985932.5443382
17.654,171.4601,-153.80610000000001,1659985934.0829823
8.6746,174.8844,-166.2098,1659985935.6846411
13.445,174.1973,-160.75230000000002,1659985937.259626
11.7909,172.9869,-161.196,1659985938.828852
15.4151,174.7968,-159.3817,1659985940.4460719
14.332,174.375,-160.043,1659985941.9894922
14.3461,174.3736,-160.0275,1659985943.5525353
7.0752,29.5175,-22.4423,1659985945.2237086
31.2167,2.7668,28.4499,1659985946.7991323
30.0936,172.2377,-142.14409999999998,1659985948.3714395
28.8088,166.4139,-137.60510000000002,1659985949.9333568
31.0827,163.5909,-132.50820000000002,1659985951.790711
33.8468,164.1307,-130.2839,1659985953.363259
47.8028,41.2499,6.552900000000001,1659985954.9513035
33.5583,12.0618,21.496500000000005,1659985956.5119832
20.9398,24.6452,-3.7053999999999974,1659985958.5949872
21.353,25.0682,-3.7151999999999994,1659985960.2142096
22.7307,17.1735,5.557199999999998,1659985961.7792475
21.175,4.2573,16.9177,1659985963.3594093
8.979,30.9995,-22.020500000000002,1659985964.9218092
6.3117,48.6185,-42.306799999999996,1659985966.4804766
9.4051,40.6845,-31.279400000000003,1659985968.036917
1.6925,44.482,-42.7895,1659985969.6061847
4.5181,24.95,-20.4319,1659985971.261818
13.0249,10.3498,2.6751000000000005,1659985972.8237476
21.0937,3.5156,17.5781,1659985974.4003909
37.9266,1.7635,36.1631,1659985975.9608605
34.2588,1.7151,32.5437,1659985977.878061
25.7875,7.521,18.2665,1659985979.448064
29.2314,6.8408,22.3906,1659985981.057065
11.5454,23.2359,-11.6905,1659985983.3913784
1.301,67.4751,-66.1741,1659985985.1056707
11.5995,37.2608,-25.661300000000004,1659985986.683033
1.1964,39.7487,-38.5523,1659985988.2746882
2.1167,39.4372,-37.320499999999996,1659985989.8249846
0.4061,42.1791,-41.772999999999996,1659985991.3906755
6.1481,19.7119,-13.5638,1659985993.1875067
1.7436,25.107,-23.3634,1659985994.7803853
1.8709,26.0854,-24.2145,1659985996.3493452
3.144,82.4499,-79.3059,1659985997.9127674
2.5621,62.0976,-59.5355,1659985999.4929645
1.4487,63.2643,-61.815599999999996,1659986001.0862644
4.7415,61.7839,-57.0424,1659986002.651697
1.2888,80.2831,-78.99430000000001,1659986004.2035484
5.6023,55.6967,-50.0944,1659986005.7646208
3.272,77.7244,-74.4524,1659986007.3078802
26.6356,7.7463,18.8893,1659986008.8988378
8.2418,23.2055,-14.963700000000001,1659986011.0008807
12.8255,0.4737,12.3518,1659986013.1001089
12.0678,6.8237,5.2441,1659986014.885819
9.5352,26.3591,-16.823900000000002,1659986016.961762
11.6288,21.0005,-9.371699999999999,1659986019.0971222
11.4907,37.0786,-25.5879,1659986020.6863558
6.1277,30.0445,-23.9168,1659986022.2403312
5.483,33.0648,-27.581799999999998,1659986023.7999382
1.5539,40.6911,-39.1372,1659986025.3775377
1.6382,42.092,-40.4538,1659986026.912812
0.9204,43.8656,-42.9452,1659986028.4856353
4.5424,57.7403,-53.1979,1659986030.033806
0.8996,58.455,-57.5554,1659986031.5992877
5.9299,48.8652,-42.9353,1659986033.6837955
16.9987,1.3138,15.684899999999999,1659986035.7636504
23.1459,1.3138,21.8321,1659986037.333811
0.4033,1.1132,-0.7099,1659986038.8897305
25.8245,11.4653,14.359200000000001,1659986040.4340868
12.5384,12.7066,-0.16820000000000057,1659986042.0341492
14.6304,4.374,10.2564,1659986043.8758056
4.8724,32.2384,-27.366,1659986045.7158017
1.4055,23.8538,-22.4483,1659986047.2727923
6.5487,17.5188,-10.970099999999999,1659986049.216111
9.4043,18.7423,-9.338000000000001,1659986050.8288665
11.6417,13.0423,-1.400599999999999,1659986052.3894446
19.0581,4.2927,14.7654,1659986054.1536381
4.0296,16.8591,-12.829500000000001,1659986055.7189162
10.3141,1.0676,9.2465,1659986057.2547147
1.6064,25.0516,-23.4452,1659986058.783951
1.0133,25.6654,-24.6521,1659986060.3673513
0.7576,81.0339,-80.2763,1659986061.947119
3.9824,65.6446,-61.6622,1659986063.5225554
4.1209,65.7213,-61.6004,1659986065.0675488
2.9622,66.5867,-63.62449999999999,1659986066.6228964
3.0479,62.5454,-59.4975,1659986068.2043858
4.7884,62.5347,-57.7463,1659986069.7917948
11.5808,16.441,-4.860199999999999,1659986071.380008
8.8349,13.9543,-5.119400000000001,1659986072.9378176
17.898,20.1462,-2.2482000000000006,1659986074.5067973
12.396,14.0497,-1.6536999999999988,1659986076.1357625
5.5997,14.891,-9.2913,1659986077.7944818
13.0986,4.4774,8.621199999999998,1659986079.3908143
10.6093,4.4774,6.131899999999999,1659986080.9450672
32.8671,1.4903,31.3768,1659986082.5156443
1.2738,30.4735,-29.1997,1659986084.0710697
1.8588,29.7214,-27.8626,1659986085.7004669
2.7757,23.1719,-20.3962,1659986087.2370973
3.6185,15.7773,-12.1588,1659986089.497446
5.379,14.7499,-9.3709,1659986091.0832527
7.4904,17.0708,-9.580399999999997,1659986092.6662445
2.0649,23.6176,-21.552699999999998,1659986094.2203422
2.0872,23.7359,-21.6487,1659986095.7683382
3.3098,21.4249,-18.1151,1659986097.3502953
0.7324,76.4256,-75.6932,1659986099.5012257
0.97,62.8118,-61.8418,1659986101.0784512
1.0818,64.6584,-63.5766,1659986102.7436855
3.0403,67.5006,-64.4603,1659986104.833473
2.7842,76.9025,-74.1183,1659986106.3764498
16.2232,12.8093,3.413899999999998,1659986107.9472952
3.5247,28.5084,-24.983700000000002,1659986109.7302551
19.2208,14.7981,4.422700000000001,1659986111.2886453
1.8296,20.3327,-18.5031,1659986112.9061356
6.4089,11.9497,-5.5408,1659986114.4831846
8.5804,14.8816,-6.3012000000000015,1659986116.0753407
15.1055,1.7078,13.397699999999999,1659986118.141616
39.6135,0.4354,39.1781,1659986119.6998277
10.1925,8.4739,1.7186000000000003,1659986121.2573197
10.8879,10.2516,0.6363000000000003,1659986123.0532076
11.2603,6.8299,4.430400000000001,1659986124.6265237
16.3077,8.6996,7.6081,1659986126.1643722
9.5927,19.2376,-9.6449,1659986127.8951004
9.9143,17.2913,-7.376999999999999,1659986129.4781463
9.4884,20.2687,-10.780299999999999,1659986131.018521
11.606,19.1884,-7.582400000000002,1659986132.6119196
6.3218,22.3937,-16.0719,1659986134.16812
5.463,26.9706,-21.5076,1659986135.763709
3.2797,60.6558,-57.3761,1659986137.339014
3.6773,63.1429,-59.465599999999995,1659986138.876555
4.7765,50.8095,-46.033,1659986140.3979626
5.4154,52.5782,-47.162800000000004,1659986141.9729474
5.6696,50.6582,-44.9886,1659986143.5607152
8.4616,20.656,-12.194399999999998,1659986145.1180494
20.1078,1.8539,18.2539,1659986146.66603
7.1312,18.1446,-11.0134,1659986148.2139091
6.4585,25.1883,-18.7298,1659986149.7886972
8.1135,23.8545,-15.741000000000001,1659986151.56373
14.843,10.0052,4.8378,1659986153.213989
11.7689,14.5334,-2.7645,1659986154.7447016
2.0591,81.5274,-79.4683,1659986156.2884834
6.9667,32.4248,-25.458099999999998,1659986157.8267045
4.6956,36.8065,-32.1109,1659986159.3866422
20.4977,4.983,15.514699999999998,1659986160.941891
18.8195,4.7682,14.051300000000001,1659986162.4736252
19.0182,5.289,13.7292,1659986164.2430449
2.1936,19.6285,-17.4349,1659986165.7942398
0.7767,5.731,-4.9543,1659986167.3527713
3.0558,59.6185,-56.5627,1659986168.8927681
6.7301,42.1973,-35.4672,1659986170.4347074
0.8353,0.0062,0.8291000000000001,1659986172.009265
5.163,30.2593,-25.0963,1659986173.6337757
1.136,46.5464,-45.410399999999996,1659986175.5179954
0.13,10.8683,-10.738299999999999,1659986177.0859523
4.25,2.2546,1.9954,1659986178.6274035
3.8376,3.1056,0.7320000000000002,1659986180.1738172
7.0912,15.2301,-8.1389,1659986181.9441192
22.6942,4.8894,17.8048,1659986183.5886602
7.6844,9.3355,-1.6510999999999996,1659986185.1462533
2.347,33.2487,-30.901699999999998,1659986186.7166553
1.957,50.2309,-48.2739,1659986188.6966646
1.2622,0.3656,0.8966000000000001,1659986190.272353
0.1,0.25,-0.15,1659986191.804687
0.135,7.3595,-7.2245,1659986193.3583858
5.5782,13.1661,-7.5879,1659986194.9302459
30.3677,2.7632,27.604499999999998,1659986196.5154784
4.0679,6.8824,-2.8145,1659986198.0821857
14.8838,8.6396,6.244200000000001,1659986199.6836882
35.5665,5.081,30.4855,1659986201.316885
6.7374,9.9487,-3.2113000000000005,1659986202.8867118
5.0874,13.6643,-8.576900000000002,1659986204.4502468
44.9662,2.8983,42.0679,1659986206.0336335
3.9544,19.7317,-15.7773,1659986207.7526784
16.1733,1.7344,14.4389,1659986209.304202
1.1551,17.2294,-16.074299999999997,1659986210.8487136
13.6009,2.3172,11.2837,1659986212.4156199
6.4037,17.2385,-10.834799999999998,1659986214.175671
5.391,16.4096,-11.018600000000001,1659986215.7387202
7.0721,13.7279,-6.6558,1659986217.2836537
6.8062,23.857,-17.0508,1659986218.8743923
6.1269,20.445,-14.318100000000001,1659986220.4183474
8.1995,18.256,-10.0565,1659986221.9903548
11.4855,13.5664,-2.0808999999999997,1659986224.378773
32.9507,1.5875,31.3632,1659986225.9383237
0.05,1.2039,-1.1539,1659986227.526956
39.3378,1.1617,38.1761,1659986229.1022236
26.7052,5.4586,21.2466,1659986231.4185162
26.6536,5.1062,21.5474,1659986232.9672909
0.1385,2.26,-2.1214999999999997,1659986234.5761766
3.0382,37.9872,-34.949,1659986236.1726441
4.5268,20.8558,-16.329,1659986237.9003637
1.234,39.7996,-38.565599999999996,1659986239.476363
0.1405,36.4529,-36.3124,1659986241.0766382
0.04,29.1906,-29.1506,1659986242.6616845
17.7363,9.4022,8.3341,1659986244.4669085
19.7355,10.5701,9.165399999999998,1659986246.0072477
0.1407,4.671,-4.5303,1659986247.577109
38.1973,3.2299,34.9674,1659986249.1266143
3.504,4.7816,-1.2776,1659986250.7292695
36.2484,0.7336,35.514799999999994,1659986252.4701374
16.535,4.0826,12.4524,1659986254.0467834
12.6752,14.4934,-1.8181999999999992,1659986255.629959
4.2114,18.4122,-14.200799999999997,1659986257.1840315
0.7571,26.3991,-25.642,1659986258.7945898
8.2867,22.8802,-14.593499999999999,1659986260.3570986
14.9473,4.0841,10.863199999999999,1659986261.9221592
4.0464,17.7878,-13.7414,1659986263.836183
6.2869,17.9189,-11.632000000000001,1659986265.3722317
6.1014,8.3517,-2.2502999999999993,1659986266.9989662
25.8435,13.0743,12.7692,1659986268.5646482
35.5789,0.8897,34.6892,1659986270.1336505
22.3695,6.4369,15.932599999999999,1659986271.6701822
15.3658,9.5865,5.779300000000001,1659986273.2179492
4.9381,16.3454,-11.407300000000001,1659986274.7586055
3.8733,17.3649,-13.491599999999998,1659986276.6024146
3.3301,17.4185,-14.088400000000002,1659986278.203431
13.5765,20.6902,-7.1137000000000015,1659986279.741461
19.1987,0.2544,18.9443,1659986281.2874916
34.8674,1.7658,33.101600000000005,1659986282.874833
33.1137,4.6544,28.459300000000002,1659986284.4823978
38.3204,0.3301,37.9903,1659986286.0707333
40.7105,2.6964,38.014100000000006,1659986287.6425982
42.6242,1.6372,40.987,1659986289.169528
40.8731,1.281,39.5921,1659986290.7184942
21.3929,3.8497,17.543200000000002,1659986292.5453796
20.9529,7.3606,13.5923,1659986294.164781
18.9501,10.9355,8.0146,1659986295.7331285
3.1921,25.8544,-22.6623,1659986297.3127708
0.1967,32.2717,-32.075,1659986298.9150372
0.3025,7.8161,-7.513599999999999,1659986301.3296976
6.5405,23.1866,-16.646099999999997,1659986302.9558377
32.1368,23.321,8.8158,1659986305.3286147
36.8953,1.3595,35.5358,1659986306.8648686
36.7597,1.387,35.3727,1659986308.457126
8.7928,19.765,-10.9722,1659986310.00661
15.9199,5.7785,10.1414,1659986311.5498993
2.2248,1.3177,0.9071,1659986313.0967627
2.3675,42.3046,-39.9371,1659986314.665743
17.1638,10.4377,6.726099999999999,1659986316.2228565
1.2018,13.9917,-12.7899,1659986317.7878065
0.3754,21.2756,-20.9002,1659986319.4061875
1.6978,6.6465,-4.9487,1659986320.970689
0.3048,35.2565,-34.9517,1659986322.5473518
8.5748,13.5385,-4.963700000000001,1659986324.1281724
13.6817,2.718,10.9637,1659986326.2837093
18.4684,1.0858,17.3826,1659986328.2651753
6.522,41.0462,-34.5242,1659986329.8704908
129.3263,1.0964,128.22990000000001,1659986331.7826676
51.1081,3.4239,47.6842,1659986333.373358
47.1073,3.3325,43.7748,1659986334.9711034
10.5335,9.7813,0.7522000000000002,1659986336.5954604
5.3644,8.5236,-3.1592000000000002,1659986338.1895506
14.2775,5.333,8.9445,1659986339.7907693
15.0137,6.1522,8.8615,1659986341.3677123
7.7305,17.8535,-10.123000000000001,1659986342.9627717
13.321,2.0045,11.3165,1659986344.5424979
22.7208,3.7666,18.9542,1659986346.166516
25.5649,5.3266,20.238300000000002,1659986347.7404683
4.9317,18.3376,-13.405899999999999,1659986349.3206851
51.0221,1.5538,49.4683,1659986350.9135895
12.6415,3.6033,9.0382,1659986352.4755447
14.8278,3.1462,11.6816,1659986354.0794306
15.7872,0.574,15.2132,1659986355.650692
10.3122,4.7892,5.523000000000001,1659986357.2696395
17.6277,2.2215,15.406200000000002,1659986358.8444529
20.5693,3.6007,16.9686,1659986360.4148402
24.6839,1.4245,23.2594,1659986361.9985204
9.3269,2.7857,6.5412,1659986363.9280586
14.4322,10.9916,3.4406,1659986365.7335396
2.3112,25.6786,-23.3674,1659986367.8538973
1.312,43.038,-41.726,1659986369.424673
13.8828,2.7114,11.1714,1659986371.0386834
17.9653,1.6631,16.3022,1659986372.6488624
23.488,31.852,-8.364,1659986374.212716
22.9908,32.9631,-9.972299999999997,1659986375.7902868
23.0173,33.8761,-10.858800000000002,1659986377.3482258
20.5245,41.4599,-20.935399999999998,1659986379.4942017
20.7108,41.4549,-20.744100000000003,1659986381.070392
20.1291,42.0061,-21.877000000000002,1659986382.6162026
0.1575,47.8207,-47.6632,1659986384.1652749
10.4766,11.8668,-1.3902,1659986385.7413862
23.2367,1.1852,22.051499999999997,1659986387.3139036
39.4051,4.3448,35.0603,1659986388.8772974
23.955,3.3735,20.5815,1659986390.493745
24.6006,3.5553,21.0453,1659986392.5963233
25.2252,14.4706,10.754600000000002,1659986394.1637745
3.4963,28.734,-25.2377,1659986395.7544758
2.7958,26.2837,-23.4879,1659986397.4311461
1.4749,31.632,-30.1571,1659986399.053521
4.4856,27.9122,-23.4266,1659986400.6261268
6.1787,16.6808,-10.502100000000002,1659986402.1835241
11.9671,10.582,1.3850999999999996,1659986403.738531
60.1298,16.7554,43.3744,1659986405.515937
46.3689,14.8206,31.548299999999998,1659986407.07515
47.1073,16.1738,30.933500000000002,1659986408.660979
48.8081,18.1721,30.636000000000003,1659986410.7976494
29.9552,16.1953,13.759900000000002,1659986412.3713334
34.5539,15.8276,18.7263,1659986413.9142282
45.2474,13.518,31.7294,1659986415.4606497
40.9593,5.6818,35.277499999999996,1659986417.036222
41.8495,1.9164,39.933099999999996,1659986419.1979809
10.0688,9.0863,0.9824999999999999,1659986420.7726545
10.4677,9.222,1.2457000000000011,1659986422.3223658
6.5276,11.314,-4.7864,1659986424.4372518
20.3847,0.3599,20.0248,1659986426.1872752
18.6093,1.0195,17.5898,1659986427.9549813
31.4467,0.4031,31.0436,1659986430.0430238
16.5552,0.013,16.542199999999998,1659986432.2031538
0.3128,1.0,-0.6872,1659986433.7528698
1.3872,26.9784,-25.5912,1659986435.5245366
1.6264,30.1509,-28.5245,1659986437.1578765
0.1889,6.6412,-6.4523,1659986438.750714
0.4867,22.3689,-21.8822,1659986440.310944
0.3636,25.6231,-25.2595,1659986441.8833826
2.0792,35.2287,-33.1495,1659986443.447202
4.874,34.2694,-29.3954,1659986445.010112
5.5105,33.5008,-27.990299999999998,1659986446.562779
2.9745,35.9398,-32.9653,1659986448.6948462
16.3567,26.8135,-10.456800000000001,1659986450.8679001
19.6189,12.1546,7.4643,1659986452.4206028
20.4019,12.3426,8.059300000000002,1659986453.9778717
25.7341,14.814,10.920100000000001,1659986455.5524888
33.12,12.8438,20.276199999999996,1659986457.1105874
33.4226,14.0128,19.409800000000004,1659986458.6953704
1.9444,22.3951,-20.450699999999998,1659986460.2827342
4.943,18.1962,-13.253200000000001,1659986461.9098682
4.7225,21.9695,-17.247,1659986463.4645658
4.2431,26.1824,-21.939300000000003,1659986465.0440335
0.7361,27.3942,-26.6581,1659986466.6174939
2.2077,31.5723,-29.3646,1659986468.1895337
4.5446,39.5623,-35.0177,1659986470.281167
1.1658,44.5342,-43.3684,1659986472.6104307
3.7003,45.0353,-41.335,1659986474.1803515
4.1015,26.9116,-22.8101,1659986475.7287033
0.101,45.8317,-45.7307,1659986477.3307478
2.5545,28.8328,-26.278299999999998,1659986479.2296758
0.029,21.3111,-21.2821,1659986480.831424
5.7624,17.302,-11.5396,1659986482.6324334
4.9573,29.6046,-24.6473,1659986484.2193127
3.9298,32.7096,-28.7798,1659986485.795418
4.5614,38.253,-33.6916,1659986487.3464556
24.3037,3.7667,20.537,1659986489.688292
25.5938,22.8375,2.756300000000003,1659986491.254244
33.4988,6.1867,27.3121,1659986493.032449
22.3577,0.7953,21.5624,1659986494.5982873
31.0061,0.6997,30.3064,1659986496.1509893
36.5649,3.733,32.831900000000005,1659986498.2733686
5.4905,15.0707,-9.580200000000001,1659986499.8352048
4.4509,18.1924,-13.741499999999998,1659986501.3786297
6.8735,10.7735,-3.9000000000000004,1659986502.9639406
5.8599,9.8522,-3.9923,1659986504.6080756
4.1418,12.8794,-8.7376,1659986506.9017813
0.4795,35.474,-34.994499999999995,1659986508.487273
4.3686,25.8738,-21.5052,1659986510.0883372
2.3295,7.9915,-5.662000000000001,1659986511.6831374
28.5155,2.3951,26.1204,1659986513.288095
30.6446,1.8071,28.837500000000002,1659986514.8810825
29.0558,3.025,26.030800000000003,1659986516.4262278
22.6065,8.1296,14.4769,1659986518.307047
2.7461,21.7787,-19.032600000000002,1659986519.8775024
0.0175,29.0131,-28.995600000000003,1659986521.4551847
0.8603,35.7159,-34.855599999999995,1659986523.0000246
0.7242,42.4124,-41.688199999999995,1659986524.563996
2.2321,38.4015,-36.169399999999996,1659986526.1498344
0.2738,40.598,-40.3242,1659986527.7079442
0.3551,41.4919,-41.1368,1659986529.3157027
18.6452,2.697,15.9482,1659986531.4499304
8.0552,4.4409,3.614299999999999,1659986533.031277
11.7936,3.6984,8.0952,1659986534.933899
27.3278,0.1851,27.1427,1659986536.4893053
19.3533,10.4727,8.880600000000001,1659986538.0680819
10.2119,10.5202,-0.3083000000000009,1659986539.6451921
0.4541,53.2908,-52.8367,1659986541.7501044
1.6592,44.6992,-43.04,1659986543.314324
2.3182,41.7009,-39.3827,1659986544.8888395
3.4481,35.3293,-31.881200000000003,1659986546.4349895
0.8554,40.6151,-39.759699999999995,1659986548.0004966
0.2772,46.8713,-46.5941,1659986549.6628883
1.9371,48.3949,-46.4578,1659986551.2237253
7.7804,2.5755,5.2049,1659986553.3182607
11.5646,9.1369,2.4276999999999997,1659986555.6197193
9.1814,8.653,0.5283999999999995,1659986557.3779263
17.7768,7.1547,10.622100000000001,1659986558.9400313
3.377,19.9163,-16.5393,1659986560.5466967
9.2909,4.5765,4.7144,1659986562.106246
18.3596,4.1567,14.2029,1659986563.6737263
15.6535,5.4367,10.2168,1659986565.2361915
33.188,0.5893,32.5987,1659986566.8306158
34.8126,1.6333,33.179300000000005,1659986568.415354
2.1817,13.1836,-11.0019,1659986569.96274
1.6599,29.9858,-28.3259,1659986571.588615
1.0829,31.8044,-30.721500000000002,1659986573.149687
8.7851,7.7357,1.0494000000000003,1659986574.9945703
23.0326,1.4041,21.6285,1659986576.5875258
26.5276,1.8691,24.6585,1659986578.200606
8.0696,6.2147,1.8548999999999998,1659986579.8117335
38.6473,1.8485,36.7988,1659986581.9197664
4.965,2.0919,2.8731,1659986583.526447
0.7351,22.9522,-22.217100000000002,1659986585.0781507
0.9809,28.8243,-27.843400000000003,1659986586.7786782
1.8298,27.1936,-25.3638,1659986588.4049828
1.6606,29.3871,-27.7265,1659986589.9870303
2.3711,24.151,-21.779899999999998,1659986591.5573454
1.7991,20.7545,-18.9554,1659986593.1398907
20.7136,4.7452,15.968399999999999,1659986594.7158237
20.645,0.9151,19.7299,1659986596.2603436
22.4668,1.0112,21.4556,1659986598.0416486
3.9895,0.153,3.8365,1659986599.6266367
11.6574,11.2468,0.4106000000000005,1659986601.1750677
5.4506,14.6271,-9.1765,1659986603.3123085
10.2829,6.8933,3.3895999999999997,1659986604.9654877
12.9916,5.2978,7.6938,1659986606.5093102
21.5505,1.0838,20.4667,1659986608.1300316
15.4535,3.961,11.4925,1659986609.6739042
20.9681,2.9768,17.9913,1659986611.2695515
7.3606,13.7968,-6.4361999999999995,1659986612.8584592
1.167,17.7681,-16.6011,1659986614.4009106
9.1474,36.7861,-27.6387,1659986616.0538342
1.3017,51.1431,-49.8414,1659986617.9080114
19.8,2.085,17.715,1659986619.4860847
27.0348,0.5371,26.497700000000002,1659986621.056132
26.8286,5.1344,21.694200000000002,1659986622.6458783
13.363,11.3439,2.0191,1659986624.2475612
22.2985,2.0002,20.2983,1659986625.847778
17.76,0.4149,17.345100000000002,1659986627.4125957
